2772 4322
220 317 258 376 48
352 392 354 399 ,
546 335 576 376 e.
600 331 696 375 court.
720 332 831 374 rncrrr

216 484 292 546 tium
316 481 535 562 exemplorum.
581 481 645 544 Sed
666 483 765 566 primo
783 481 914 544 Cerialis
939 482 1060 546 labores
1074 482 1162 545 modo

216 596 247 647 et
269 583 454 658 discrimina,
477 605 549 645 mox
572 597 602 646 et
623 583 751 666 gloriam
777 583 1043 646 communicabat:
1068 605 1160 664 saepo

215 686 292 766 parti
311 685 463 747 exercitus
486 686 517 746 in
539 687 792 759 experimentum,
810 684 973 767 aliquando
994 681 1160 767 majoribus
1231 765 1238 768 .

215 787 312 871 copiis
336 807 374 849 ex
396 797 508 850 eventu
534 787 700 870 praefecit:
724 808 782 849 nec
804 785 949 869 Agricola
971 807 1108 868 unquam
1130 787 1160 848 in

216 896 305 952 sdam
319 887 433 951 famam
447 890 544 972 gestis
560 888 742 964 exsultavit3
766 887 805 950 ad
819 900 977 950 auctorem
992 899 1022 950 et
1036 887 1158 962 ducem,

217 1001 249 1052 ut
272 990 420 1066 minister,
444 990 597 1053 fortunam
621 989 793 1053 referebat:
817 990 859 1052 ita
881 991 992 1052 virtute
1015 990 1046 1051 in
1073 990 1158 1051 obse-

216 1091 347 1174 quend0,
376 1091 561 1154 verecundia
580 1093 621 1154 in
648 1091 861 1172 praedicando,
893 1105 978 1154 extra
1002 1091 1158 1164 invidiam,

217 1215 273 1254 uec
288 1205 372 1256 extra
385 1193 514 1276 gloriam
532 1206 606 1256 erat.

68 1279 70 1284 ¹
165 1359 167 1364 s
258 1293 316 1357 IX.
340 1294 560 1358 Revertentem
583 1295 621 1357 ab
644 1295 796 1380 legatione
819 1294 948 1378 legionis
971 1295 1061 1358 divus
1082 1294 1158 1358 Ves-

218 1396 361 1478 pasianus
383 1397 462 1459 inter
483 1395 626 1482 patricios
648 1399 765 1473 ascivit,
789 1419 826 1460 ac
848 1397 958 1460 deinde
984 1399 1158 1482 provinciae

218 1498 399 1580 Aquitaniae
420 1499 606 1580 praeposuit,
624 1498 800 1580 splendidae
823 1500 855 1562 in
876 1499 982 1580 primis
1004 1498 1159 1582 dignitatis

217 1595 475 1662 administratione
512 1622 548 1663 ac
586 1623 641 1686 spe
679 1601 866 1676 consulatue,
897 1602 948 1664 cui
984 1599 1159 1663 destinarat.

217 1700 356 1764 Credunt
391 1700 529 1784 plerique
566 1703 749 1764 militaribus
785 1703 917 1782 ingeniis
961 1702 1159 1766 subtilitatem

217 1801 336 1877 deesse,
359 1803 432 1884 quia
454 1803 618 1864 castrensis
643 1803 816 1885 jurisdictio
842 1824 950 1865 secura
972 1815 1003 1865 et
1025 1805 1160 1864 obtusior

217 1924 251 1987 ac
274 1902 363 1986 plura
383 1923 477 1964 manu
500 1924 595 1986 agens
621 1902 818 1965 calliditatem
840 1903 897 1965 fori
920 1925 981 1964 non
1009 1915 1159 1964 exerceat.

218 2003 361 2088 Agricola
389 2003 518 2067 naturali
546 2003 717 2085 prudentia,
747 2005 888 2088 quamvis
917 2005 995 2068 inter
1030 2016 1158 2088 togatos,

217 2104 304 2168 facile
330 2106 474 2190 justeque
504 2107 624 2190 agebat.
668 2105 740 2170 Jam
762 2128 834 2170 vero
856 2119 993 2188 tempora
1018 2128 1159 2170 curarum

215 2209 494 2292 remissionumque
509 2209 627 2272 divisa:
652 2209 705 2286 ubi
720 2221 888 2272 conventus
904 2231 941 2272 ac
957 2207 1075 2293 judicia
1089 2231 1159 2294 pos·
1211 2241 1214 2258 ι

216 2322 328 2388 carent,
358 2312 470 2394 gravis,
500 2313 644 2388 intentae,
678 2334 814 2387 saverne,
838 2325 869 2374 et
891 2313 1015 2396 saepius
1042 2312 1159 2374 miseri-

216 2433 310 2488 cors;
347 2413 402 2475 ubi
438 2412 540 2474 officio
577 2413 778 2490 satisfactum,
808 2414 893 2477 nulla
921 2414 1000 2476 ultra
1027 2427 1159 2496 potesta-

216 2515 254 2575 tis
283 2535 435 2594 persona:
472 2515 627 2578 tristitiam
656 2526 687 2577 et
714 2517 915 2597 arrogantiam
944 2528 974 2576 et
1003 2517 1160 2577 avaritiam

217 2627 360 2678 exuerat:
391 2635 449 2676 nec
471 2614 526 2690 illi,
549 2614 631 2698 quod
653 2626 701 2678 est
728 2609 930 2689 rarissimum,
954 2627 1006 2676 aut
1028 2615 1159 2678 facilitas
1223 2623 1225 2626 ’

216 2718 429 2781 auctoritatem
443 2729 496 2780 aut
514 2718 660 2780 severitas
676 2738 812 2781 amorem
826 2716 985 2779 deminuit.
1030 2715 1159 2799 Integri-

215 2817 311 2882 'tatem
333 2833 423 2902 atque
447 2820 663 2882 abstinentiam
684 2821 715 2882 in
736 2830 820 2882 tanto
833 2819 898 2882 viro
912 2817 1034 2893 referre,
1051 2818 1159 2902 injuria

216 2921 363 2982 virtutum
378 2921 479 2982 fuerit.
525 2919 575 2981 Ne
589 2919 705 2982 famam
719 2919 855 3003 quidem,
871 2920 922 2982 cui
949 2921 1042 2983 etiam
1067 2941 1170 3000 saepe

217 3021 289 3083 boui
324 3020 492 3104 indulgent,
523 3021 703 3084 ostentanda
737 3023 857 3097 virtute,
887 3033 955 3084 ant‘
973 3043 1028 3103 per
1063 3035 1159 3084 artem

218 3121 386 3205 quaesivit:
413 3121 519 3202 procul
545 3123 583 3185 ab
607 3123 810 3186 aemulatione
839 3123 986 3186 adversus
1012 3119 1158 3205 collegas,

218 3223 322 3306 procul
338 3245 357 3284 a
371 3225 562 3287 contentione
585 3225 732 3288 adversus
754 3237 975 3307 procuratores
992 3235 1024 3285 et
1037 3224 1159 3286 vincere

231 3324 390 3408 inglorium,
421 3339 452 3387 et
480 3327 567 3388 atteri
597 3325 754 3389 sordidum
789 3324 999 3388 arbitrabatur.
1053 3323 1159 3388 Minus

219 3427 382 3490 triennium
396 3427 426 3488 in
442 3447 479 3488 ea
500 3427 652 3510 legatione
674 3426 816 3490 detentus
838 3448 875 3489 ac
897 3427 1000 3488 statim
1015 3425 1053 3489 ad
1072 3448 1159 3512 spem

218 3528 395 3592 consulatus
423 3542 585 3592 revocatus
609 3541 665 3605 est,
689 3529 853 3592 comitante
876 3528 1016 3610 opinione
1040 3527 1158 3592 Britan-

219 3632 301 3694 niam
316 3632 344 3693 ei
358 3631 545 3712 provinciam
561 3631 626 3694 dari
648 3630 740 3694 nullis
756 3631 786 3694 in
802 3630 861 3694 hoc
876 3631 940 3694 suis
957 3631 1149 3694 sermonibus

219 3733 272 3795 scd
300 3734 372 3816 quia
399 3755 454 3817 par
480 3733 648 3798 videbatur.
693 3732 789 3796 Haud
818 3755 940 3819 semper
966 3745 1044 3800 errat
1070 3732 1156 3814 sama,
