2772 4322
260 342 296 403 lfi
574 352 604 394 n.
628 350 724 394 corne
748 348 883 392 merrus

253 501 305 565 illo
334 512 366 562 et
393 497 533 580 sabuloso
560 517 659 560 errore
688 497 720 560 in
748 495 830 559 hunc
859 494 1021 560 Oceanum
1045 492 1187 572 delatum,

254 601 354 664 adisse
385 598 569 662 Germaniae
598 611 703 684 terras,
735 597 1028 680 Asciburgiumque,
1057 595 1141 680 quod
1162 597 1191 659 in

252 703 317 783 ripa
332 700 435 765 Rheni
458 702 551 764 situm
573 699 726 783 hodieque
748 699 900 774 incolitur,
916 699 955 760 ab
970 697 1023 761 illo
1045 699 1191 762 constitu·

252 815 318 866 tum
336 805 600 886 nominatumque.
645 803 739 882 Aram
763 801 952 885 quinetiam
978 798 1062 863 Ulixi
1085 820 1189 863 conse·

251 920 376 981 oratam,
400 903 519 989 adjecto
549 902 678 967 Laertae
705 905 799 984 patris
823 903 955 978 nomine,
986 901 1097 964 eodem
1124 901 1190 964 loco

251 1005 325 1069 olim
348 1019 509 1088 repertam,
536 1017 795 1088 monumentaque
820 1016 851 1067 et
878 1003 1014 1067 tumulos
1042 1003 1190 1087 quosdam

253 1104 382 1171 Graecis
418 1107 525 1171 litteris
568 1107 730 1188 inscriptos
771 1107 802 1169 in
838 1105 970 1168 confinio
1006 1103 1191 1168 Germaniae

253 1208 464 1292 eraetiaeque
487 1207 588 1272 adhuc
610 1220 750 1271 exstare:
781 1229 860 1291 quae
882 1227 984 1291 neque
1013 1207 1191 1270 confirmare

251 1310 449 1392 argumentis,
466 1330 567 1392 neque
584 1307 724 1372 refellere
746 1309 777 1371 in
800 1309 901 1371 animo
917 1320 986 1371 est:
1010 1328 1049 1371 ex
1070 1307 1191 1391 ingenio

251 1432 309 1473 suo
324 1411 454 1494 quisque
470 1409 583 1488 demat,
599 1410 649 1474 vel
664 1409 755 1474 addat
769 1409 873 1473 fidem.

293 1509 350 1575 IV.
373 1512 445 1594 Ipse
461 1534 568 1577 eorum
584 1513 776 1593 opinionibus
797 1511 921 1588 acced0,
937 1512 991 1594 qui
1007 1509 1191 1575 Germaniae

250 1615 379 1699 populos
396 1615 488 1678 nullis
503 1614 570 1677 aliis
589 1614 718 1677 aliarum
739 1615 898 1677 nationum
913 1612 1074 1676 connubiis
1097 1611 1191 1676 infec-

251 1728 297 1778 tos
312 1717 465 1797 propriam
480 1727 511 1778 et
525 1714 676 1778 sinceram
697 1727 728 1779 et
750 1727 869 1779 tantum
891 1716 940 1778 sui
963 1714 1096 1778 similem
1118 1735 1191 1798 gen-

250 1829 313 1880 tem
348 1809 518 1881 exstitisse
539 1816 744 1880 arbitrantur:
782 1817 864 1880 unde
909 1815 1032 1880 habitus
1068 1829 1190 1901 quoque

249 1939 421 1999 corporum,
438 1911 611 2005 quanquam
627 1918 660 1983 in
682 1930 766 1983 tanto
780 1918 941 1983 hominum
954 1939 1093 1996 numero,
1109 1919 1191 1982 idem

250 2020 419 2098 omnibus;
449 2033 552 2084 truces
582 2033 613 2084 et
637 2023 783 2086 'caerulei
813 2022 905 2100 oculi,
934 2022 1043 2086 rutilae
1073 2043 1190 2098 comae,

219 2187 221 2196 k
250 2143 360 2207 magna
375 2145 502 2205 corpora
516 2115 686 2188 et'tantum
708 2123 747 2187 ad
769 2125 919 2206 impetum
933 2123 1055 2200 valida3
1079 2123 1190 2187 laboris

153 2261 155 2264 ·
249 2237 341 2309 atque
357 2247 485 2308 operum
498 2248 559 2289 non
576 2225 684 2292 eadem
705 2226 872 2309 patientia:
896 2226 1085 2308 minimeque
1108 2225 1189 2288 sitim

249 2340 431 2410 aestumque
446 2328 585 2404 tolerare,
601 2328 714 2412 frigora
729 2341 820 2413 atque
835 2327 970 2392 inediam
985 2327 1071 2390 coelo
1087 2327 1189 2390 solove

249 2440 460 2490 assueverunt.
491 2451 498 2465 ·

290 2525 330 2589 V.
354 2525 462 2602 Terra,
477 2527 535 2589 etsi
550 2526 704 2610 aliquanto
720 2528 824 2611 specie
840 2527 950 2602 differt,
966 2528 997 2589 in
1012 2529 1189 2590 universum

249 2642 352 2692 tamen
366 2640 420 2692 aut
441 2627 527 2692 silvis
549 2627 672 2691 horrida
693 2640 746 2691 aut
767 2627 932 2710 paludibus
955 2626 1067 2690 foeda:
1090 2626 1175 2690 humi

248 2731 324 2809 dior,
341 2753 403 2816 qua
419 2730 558 2808 Gallias;
580 2730 744 2806 ventosior,
760 2750 821 2812 qua
835 2727 985 2792 Noricum
1008 2748 1045 2790 ac
1067 2727 1189 2792 Panno-

248 2833 331 2897 niam
367 2834 500 2914 aspicit:
539 2832 613 2895 satis
648 2830 758 2908 feratr3
796 2829 1012 2915 frugiferarum
1047 2831 1189 2894 arborum

250 2935 434 3024 impatiens:
460 2954 608 3018 pecorum
629 2921 772 3010 fecunda,
797 2932 852 2996 sed
873 2932 1055 3017 plerumque
1077 2933 1189 3013 impro-

249 3056 340 3110 cera;
372 3055 411 3096 ne
440 3034 586 3098 armentis
612 3033 738 3118 quidem
773 3056 850 3098 suus
880 3033 985 3111 honor,
1013 3046 1066 3097 aut
1094 3033 1188 3116 gloria

249 3135 354 3197 frontis
369 3156 376 3197 r
400 3155 529 3198 numero
543 3135 697 3220 gaudent;
721 3157 839 3220 eaeque
855 3136 938 3199 solae
952 3148 983 3199 et
995 3135 1188 3219 gratissimae

249 3257 323 3318 opes
350 3249 431 3301 sunt.
475 3238 648 3321 Argentum
671 3250 702 3301 et
724 3260 832 3301 aurum
852 3238 975 3322 propitii
996 3258 1036 3299 an
1057 3236 1124 3300 irati
1146 3235 1188 3298 dii

248 3335 434 3422 negaverint,
449 3338 566 3402 dubito.
610 3338 681 3403 Nec
704 3352 806 3403 tamen
830 3339 1054 3414 affirmaverim,
1070 3337 1187 3400 nullam

249 3438 435 3504 Germaniae
456 3461 567 3505 venam
590 3453 751 3525 argentum
776 3461 923 3504 aurumve
945 3441 1095 3524 gignere:
1119 3443 1187 3523 quis

182 3625 184 3632 Ι
247 3542 330 3606 enim
345 3554 498 3606 scrutatus
513 3542 582 3607 estl
604 3543 801 3624 possessione
822 3555 854 3606 et
874 3563 936 3606 usu
959 3541 1041 3605 haud
1062 3539 1187 3626 perinde

246 3643 430 3709 afficiuntur.
474 3643 535 3709 Est
569 3645 672 3709 videre
708 3644 790 3726 apud
825 3644 894 3709 illos
923 3656 1067 3729 argentea
1102 3663 1186 3716 vasa,
1275 3715 1283 3724 ,

246 3743 355 3828 legatis
371 3747 604 3833 etprincipibus
627 3770 734 3813 eorum
759 3751 878 3812 muneri
902 3749 982 3822 data,
998 3768 1057 3808 non
1076 3745 1104 3808 in
1128 3743 1185 3808 aliu
