2772 4322
542 379 582 421 un
606 379 785 421 orantum.
1092 363 1132 422 33

197 527 293 593 donec
316 529 481 612 exsanguis
506 539 648 590 senectus
674 539 737 622 tam
759 525 852 589 durae
875 526 978 598 virtuti
1002 527 1141 608 impares

197 631 297 694 faeiat.
474 685 476 692 .
520 619 620 703 {4¹}st
657 623 762 684 W'IX‘
814 623 940 690 ’ΨΜ
986 593 1034 676 vd
1085 617 1155 682 πθ

237 727 368 790 XXXII.
391 725 777 794 ProximiChattiscertum
795 731 860 814 jam
874 730 961 793 alveo
976 729 1132 808 Rhenum,
1196 735 1278 820 Μ»

197 834 308 917 quique
337 833 486 895 terminus
516 853 585 895 esse
615 831 757 908 sufficiat,
788 831 892 912 Usipii
922 854 958 894 ac
987 829 1132 893 Tencteri

196 936 310 998 colunt.
367 933 524 1007 Tencteri,
557 955 650 1014 super
682 933 806 996 solitum
841 933 991 996 bellorum
1026 932 1132 1024 (iecur,
1178 927 1239 996 (W-

197 1037 348 1118 equestris
363 1034 541 1115 disciplinae
557 1045 619 1096 arte
634 1033 823 1114 praecellunt
838 1055 844 1095 :
871 1054 929 1095 nec
944 1032 1040 1116 major
1053 1031 1133 1112 apud

199 1137 328 1203 Chattos
341 1137 474 1215 peditum
489 1135 566 1211 lauS,
583 1147 676 1218 quam
699 1134 860 1196 Tencteris
887 1134 1035 1216 equitum.
1081 1131 1133 1194 Sic

198 1230 355 1318 ipsiituere
378 1236 517 1320 majores,
542 1237 656 1317 posteri
679 1237 852 1310 imitantur;
875 1234 906 1298 hi
929 1235 1016 1298 lusus
1039 1232 1134 1296 infan-

164 1307 284 1441 hilum,
313 1337 390 1400 haec
415 1337 563 1421 juvenum
593 1337 767 1411 aemulatio,
797 1349 992 1417 perseverant
1020 1355 1133 1420 senes·

156 1439 173 1522 ’ζ
198 1439 275 1501 inter
290 1439 438 1500 familiam
460 1451 490 1500 et
511 1449 638 1520 penates
660 1450 692 1499 et
717 1437 786 1519 jura
809 1438 1041 1499 successionum
1064 1437 1133 1518 equi

138 1527 159 1595 ἓ
198 1538 377 1614 traduntur;
413 1539 525 1617 excipit
552 1537 645 1613 filine,
674 1558 743 1612 non,
773 1549 808 1598 ut
843 1548 953 1608 cetera,
983 1537 1134 1599 maximus

107 1617 141 1756 pi
198 1650 281 1713 natu,
299 1637 353 1700 sed
368 1655 456 1719 prout
470 1637 555 1700 ferox
569 1637 650 1699 bello
665 1648 696 1700 et
709 1635 826 1700 melior.

108 1736 114 1768 r
239 1737 383 1800 XXXIII.
406 1738 425 1801 J
429 1752 499 1802 uxta
528 1737 697 1802 Tencteros
727 1735 867 1802 Bructeri
897 1739 970 1802 oiim
998 1760 1136 1802 occurre-

131 1867 133 1881 *
197 1841 290 1904 bant:
328 1863 410 1904 nunc
442 1840 615 1904 Chamavos
645 1854 676 1903 et
704 1841 902 1924 Angrivarios
941 1839 1134 1925 immigrasse

197 1954 342 2018 narratur,
358 1943 457 2024 pulsis
480 1941 637 2005 Bructeris
652 1965 689 2005 ac
702 1944 825 2024 penitus
840 1943 953 2004 excisis
967 1942 1136 2005 vicinarum
1223 2003 1226 2013 ,

197 2065 348 2108 consensu
375 2045 542 2120 nationum,
566 2066 623 2106 seu
648 2044 810 2125 superbiae
832 2043 911 2119 odie,
928 2065 985 2106 seu
1005 2042 1136 2124 praedae

171 2131 369 2232 ‚triolcedina
386 2166 443 2207 seu
457 2145 560 2207 favore
581 2145 715 2226 quodam
738 2165 810 2226 erga
824 2165 880 2205 nos
895 2143 1042 2206 deorum:
1065 2165 1134 2206 nam

163 2242 180 2304 t*
197 2267 235 2306 ne
251 2245 429 2329 spectaculo
441 2245 566 2327 quidem
580 2243 686 2324 proelii
701 2243 853 2306 invidere:
878 2263 970 2324 super
982 2244 1137 2324 sexaginta

96 2351 132 2437 ιζ
199 2346 303 2420 millia,
326 2367 386 2406 non
412 2346 504 2406 armis
526 2345 654 2426 telisque
677 2343 837 2420 Romanis,
861 2343 925 2420 sed,
949 2342 1031 2428 quod
1052 2352 1137 2428 mag-

99 2446 104 2455 '
199 2447 372 2562 nificentiqs
415 2457 471 2521 est,
513 2445 705 2508 oblectationi
749 2445 907 2528 oculisque
951 2443 1136 2508 ceciderunt.

200 2547 334 2622 Maneat,
357 2567 481 2630 quaese,
498 2546 646 2630 duretque
668 2545 820 2629 gentibus
837 2547 939 2608 sinon
960 2567 1045 2608 amor
1066 2566 1136 2606 nos·
1218 2558 1222 2570 ·

93 2631 130 2698 ’-
199 2650 245 2724 tri,
260 2646 299 2711 'at
324 2660 405 2711 certe
429 2647 533 2710 odium
560 2649 630 2710 sui:
662 2646 793 2730 quando,
815 2647 995 2730 urgentibus
1018 2647 1136 2726 imperii
1174 2670 1191 2681 ··

95 2813 101 2830 ,
199 2751 278 2825 fatie,
294 2750 370 2813 nihil
392 2750 456 2833 jam
478 2763 631 2831 praestare
654 2749 774 2812 fortuna
797 2749 897 2832 majus
919 2759 1028 2829 potest,
1044 2769 1136 2823 quam

102 2873 108 2882 ¹
199 2848 333 2912 hostium
353 2849 546 2912 discordiam.
772 2905 775 2910 .
909 2922 915 2936 Ι

241 2946 385 3009 XXXIV.
407 2951 604 3032 Angrivarios
618 2962 648 3012 et
661 2949 837 3012 Chamavos
850 2970 868 3011 a
879 2961 965 3032 tergo
978 2947 1136 3032 Dulginim

139 3108 141 3116 .
174 3063 230 3114 'ot
261 3050 424 3114 Chasuarii
442 3051 568 3134 cludunt
593 3052 733 3134 aliaeque
761 3063 880 3134 gentes,
902 3050 984 3113 haud
1012 3050 1136 3132 perinde

139 3151 144 3158 ’
199 3141 394 3216 memoratae.
446 3153 476 3215 A
504 3152 601 3214 fronte
630 3151 721 3215 Frisii
747 3153 912 3233 excipiunt.
967 3151 1136 3236 Maioribus

199 3256 428 3338 minoribusque
451 3253 560 3317 Frisiis
579 3252 764 3318 vocabulum
786 3266 833 3316 est
847 3275 886 3316 ex
899 3254 990 3316 modo
1007 3255 1135 3316 virium:

199 3368 344 3438 utraeque
366 3357 503 3418 nationes
525 3375 625 3438 usque
655 3354 694 3416 ad
724 3353 885 3417 Oceanum
914 3353 1026 3417 Rheno
1050 3375 1137 3435 prae·

200 3468 350 3543 texuntur,
387 3457 585 3540 ambiuntque
622 3459 789 3519 immensos
825 3457 950 3538 insuper
985 3456 1071 3518 lacus
1108 3467 1136 3516 et

201 3556 351 3620 Romanis
387 3557 537 3620 classibus
573 3559 741 3642 navigatos.
799 3557 907 3639 ipsum
936 3558 1010 3640 quin
1046 3557 1137 3619 etiam

201 3657 362 3720 Oceanum
387 3657 439 3720 illa
459 3647 662 3721 tentavimus:
687 3672 717 3722 et
743 3680 906 3741 superesse
935 3657 1035 3730 adhuc
1057 3653 1137 3716 Her-

204 3759 278 3822 tulis
308 3759 466 3822 columnas
492 3757 573 3822 sama
594 3760 752 3844 vulgavit3
783 3760 848 3821 sive
877 3757 950 3820 adiit
973 3755 1137 3833 Hercules,
