2772 4322
238 349 280 408 30
556 365 585 406 o.
609 363 706 406 curru,
731 354 868 405 suerrus

237 535 350 576 aunum
362 533 484 596 quoque
500 513 602 593 ipsum
617 533 678 574 non
692 512 724 575 iu
738 511 866 576 totidem
880 510 1021 595 digerunt
1037 511 1170 592 species;

238 615 336 684 hierus
351 625 382 676 et
395 635 449 676 ver
463 602 494 676 el
508 625 609 676 aestas
624 613 815 676 intellectum
830 635 866 676 ac
881 609 1031 675 vocabula
1045 611 1158 676 habent

236 716 374 778 autumni
389 715 515 801 perinde
530 736 643 779 nomen
657 737 693 778 ac
707 715 787 777 bona
801 716 988 798 ignorantur.

278 815 418 878 XXVII.
442 813 600 880 Funerum
615 817 698 879 nulla
713 816 854 893 ambitio;
877 816 908 879 id
924 816 1024 879 solum
1037 815 1195 880 observa-⁵

236 933 293 994 tur,
309 930 343 980 ut
358 940 484 1000 corpora
506 918 657 981 clarorum
674 919 806 981 viromm
828 919 920 980 certis
934 917 1025 1001 lignis
1040 939 1176 994 cremen-

181 1025 186 1032 ’
236 1033 292 1081 tur.
332 1016 456 1082 Stmem
470 1021 537 1104 rogi
552 1041 610 1083 nec
619 1021 758 1084 vestibus
774 1042 831 1083 nec
845 1020 988 1083 odoribus
1003 1019 1175 1084 cumulant:

236 1143 291 1183 sua
314 1123 426 1205 cuique
449 1144 543 1198 arma,
559 1121 750 1205 quorundam
771 1123 834 1206 igni
857 1134 888 1185 et
910 1143 1009 1206 equus
1027 1121 1176 1206 adjicitur.

236 1223 422 1306 Sepulcrum
437 1244 566 1307 caespes
582 1224 690 1308 erigit3
718 1235 986 1298 monumentorum
1001 1223 1132 1287 arduum
1147 1236 1174 1288 et

235 1345 398 1404 operosum
421 1323 577 1400 honorem,
592 1336 627 1387 ut
641 1347 767 1408 gravem
789 1323 951 1402 defunctis
967 1337 1175 1410 aspernantur.

236 1423 387 1488 Lamenta
421 1447 465 1488 =ac
500 1426 643 1490 lacrimas
679 1428 750 1504 cite,
787 1426 924 1490 dolorem
960 1439 991 1490 et
1025 1428 1174 1490 tristitiam

230 1525 318 1588 ‘tarde
347 1541 473 1608 ponunt.
518 1526 656 1591 Feminis
685 1529 793 1612 lugere‘
820 1528 984 1610 honestum
1014 1540 1080 1605 est3
1104 1529 1176 1590 viris

235 1630 423 1692 meminisse.
483 1629 573 1692 Haec
605 1631 636 1692 in
672 1651 836 1693 commune
865 1628 903 1692 de
933 1628 1177 1692 omnium‘Ger·

235 1752 396 1794 manorum
424 1731 539 1813 origine
562 1751 599 1792 ac
621 1731 757 1793 moribus
780 1732 980 1810 accepimus:
1010 1735 1100 1793 nu'nc'
1116 1733 1177 1794 sin-

235 1830 377 1912 gularum
392 1831 529 1912 gentium
544 1831 683 1892 instituta
697 1831 846 1912 ritusque,
860 1842 1011 1913 quatenus
1026 1830 1176 1907 differant,

235 1952 314 2013 quae
336 1932 473 1993 nationes
489 1952 506 1993 e
523 1929 689 1994 Germania
710 1931 741 1993 in
757 1929 876 1994 Gallias
899 1933 1176 2014 commigraverint,

208 2090 211 2098 .
235 2032 406 2113 expediam.

277 2133 424 2198 XXVIII
465 2134 637 2199 Validiores
675 2137 748 2200 olim
785 2135 946 2200 Gallorum
982 2159 1031 2200 res
1068 2137 1175 2214 fuisse,

236 2259 377 2302 summus
406 2251 567 2302 auctorum
595 2238 685 2302 divus
715 2237 819 2302 Julius
847 2239 954 2303 tradit:
986 2261 1084 2324 eoque
1113 2262 1176 2302 ere·

235 2340 327 2402 dibile
355 2353 402 2402 est
427 2341 518 2403 etiam
546 2339 654 2403 Gallos
676 2342 708 2403 in
735 2340 934 2405 Germaniam
960 2355 1176 2426 transgressos·

236 2441 429 2514 Quantulum
465 2443 547 2503 enim
583 2444 681 2504 amnis
719 2443 867 2519 obstabat,
897 2467 958 2526 quo
994 2446 1106 2520 minua,
1144 2456 1176 2506 ut

236 2561 376 2624 quaeque
412 2561 489 2624 gens
526 2541 690 2617 evaluerat,
728 2555 891 2622 occuparet
929 2556 1177 2627 permutaretque

236 2641 336 2718 serice,
352 2643 543 2724 promiscuas
566 2642 667 2706 adhuc
689 2656 720 2705 et
741 2643 826 2704 nulla
854 2664 1017 2726 regnorum
1044 2647 1176 2725 potentia

235 2742 372 2822 divisas?
416 2743 514 2828 Igitur
528 2745 606 2806 inter
621 2743 812 2827 Hercyniam
835 2743 953 2822 sylvam
969 2743 1177 2829 Rhenumque

236 2858 266 2908 et
288 2845 438 2908 Moenum
466 2866 573 2907 amnes
602 2843 753 2921 Helvetii,
779 2845 924 2908 ulteriora
953 2843 1032 2924 Boii,
1057 2846 1176 2911 Gallica

235 2958 363 3028 utraque
378 2968 464 3028 gens,
478 2958 616 3008 tenuere.
661 2945 768 3010 Manet
782 2947 882 3010 adhuc
897 2947 1041 3012 Boibemi
1054 2971 1176 3026 nornen,

235 3047 399 3130 signatque
431 3043 489 3108 loci
521 3053 660 3111 veterem
688 3051 879 3127 memoriam,
895 3052 1036 3134 quamvis
1051 3053 1177 3113 mutatis

235 3147 414 3210 cultoribus.
459 3146 523 3212 Sed
556 3161 661 3213 utrum
688 3150 830 3214 Aravisci
859 3153 891 3215 in
919 3151 1110 3214 Pannoniam
1138 3152 1177 3212 ab

236 3247 320 3324 Osis,
346 3246 572 3314 Germanorum
595 3252 727 3328 natione,
752 3274 792 3314 an
818 3252 874 3315 Osi
901 3253 939 3313 ab
961 3252 1118 3314 Araviscis
1145 3253 1176 3314 in

237 3349 436 3414 Germaniam
459 3353 735 3436 commigraverint,
760 3376 834 3416 cum
859 3353 968 3416 eodem
991 3351 1093 3414 adhuc
1115 3375 1177 3416 ser-

237 3472 336 3529 mone,
352 3453 507 3530 institutis,
522 3456 659 3518 moribus
681 3467 814 3532 utantur,
830 3455 981 3519 incertum
1003 3467 1071 3518 est:
1095 3456 1176 3540 quia,

235 3555 301 3636 pari
328 3553 401 3617 olim
425 3555 528 3636 inopia
553 3577 590 3618 ae
610 3555 759 3632 libertate,
777 3556 886 3619 eadem
910 3558 1070 3642 utriusque
1093 3559 1177 3642 ripae

236 3655 315 3718 bona
329 3656 471 3740 malaque
496 3669 590 3720 erant.
633 3655 762 3721 Treveri
778 3670 809 3721 et
823 3657 930 3722 Nervii
952 3659 1033 3723 eirea
1055 3659 1176 3722 affectu·

239 3769 351 3820 trenem
369 3758 570 3822 Germanicae
594 3760 719 3844 originis
742 3760 821 3824 ultro
842 3761 997 3825 ambitiosi
1016 3773 1096 3836 sunt,
1113 3772 1165 3823 tarr
