2770 4324
565 417 734 462 sonrconr.
865 381 892 424 '³
1082 403 1121 459 63

187 579 218 630 et
232 565 403 630 libertatem
423 587 484 630 non
506 567 536 631 in
557 568 774 649 poenitentiam
792 564 892 644 laturi,
907 566 1006 648 primo
1021 567 1121 630 statim

187 689 354 752 congressu
389 689 488 732 nonne
524 668 731 746 ostendamus,
761 690 839 753 quos
868 667 927 733 sibi
956 667 1121 734 Caledonia

186 771 266 835 viros
289 769 481 852 seposuerit?
499 748 575 844 idn
597 770 726 835 eandem
749 769 898 834 Romanis
920 771 953 834 in
968 769 1051 833 bello
1064 771 1122 833 vir·

187 881 292 947 tutem,
309 893 402 952 quam
417 871 448 932 in
463 891 539 954 pace
554 870 713 932 lasciviam
728 869 837 932 adesse
852 870 974 933 creditis
987 869 1018 934 l'’

226 967 357 1031 XXXII.
381 970 533 1033 “Nostris
562 970 606 1034 illi
631 970 873 1033 dissensionibus
902 991 939 1033 ao
964 969 1122 1034 discordiis

184 1071 268 1148 clari,
283 1072 357 1133 vitia
378 1071 513 1135 hostium
534 1072 567 1134 in
586 1071 715 1155 gloriam
737 1073 888 1135 exercitus
911 1071 960 1134 sui
980 1083 1122 1137 vertunt:

133 1201 136 1207 ·
184 1191 279 1254 quem
301 1185 490 1235 contractum
505 1193 544 1235 er
557 1172 776 1237 diversissimis
797 1173 950 1258 gentibus,
966 1185 1001 1236 ut
1015 1193 1123 1235 secun-

184 1272 241 1338 doo
263 1295 313 1336 res
335 1286 448 1350 tenent,
464 1273 506 1337 ita
521 1275 667 1338 adversae
689 1275 876 1339 dissolvent:
899 1275 1001 1358 nisi-si
1017 1273 1123 1336 Gallos

185 1386 215 1436 et
231 1371 403 1438 Germanos
425 1388 456 1438 et
470 1375 580 1457 (pudet
600 1375 699 1455 dictu)
715 1375 930 1440 Britannorum
950 1376 1123 1459 plerosque,

184 1475 257 1538 licot
271 1475 466 1538 dominationi
489 1476 605 1539 alienae
628 1478 810 1559 sanguinem
832 1477 1035 1553 commodent,
1057 1477 1123 1540 diu-

185 1576 246 1638 tius
269 1588 372 1638 tamen
396 1573 500 1638 hostes
515 1597 609 1659 quam
633 1596 748 1652 servos,
763 1576 824 1638 fide
847 1588 878 1639 et
891 1577 1004 1640 affectu
1029 1577 1123 1640 teneri

185 1677 316 1758 putatis:
340 1687 442 1740 metus
457 1689 489 1740 et
502 1689 597 1739 terror
617 1689 673 1754 est,
690 1677 810 1740 infirma
823 1677 946 1741 vincula
967 1678 1122 1740 caritatis.

185 1799 265 1861 qnae
288 1778 341 1841 ubi
361 1780 538 1854 remoreris,
554 1779 607 1862 qui
628 1779 736 1842 timere
751 1777 905 1856 desierint,
922 1779 1024 1842 odisse
1048 1779 1124 1842 inci·

185 1882 280 1964 pient.
325 1879 437 1944 Omnia
458 1881 602 1944 victoriae
625 1876 896 1965 incitamenta'pro
918 1882 1006 1945 nobis
1033 1888 1123 1945 sunt:

185 1981 286 2045 nullae
310 1981 468 2045 Romanos
492 1982 638 2067 conjuges
663 1983 853 2060 accendunt3
883 1983 964 2048 nulli·
984 1997 1124 2064 parentes

186 2082 291 2166 lugam
314 2084 521 2164 exprobraturi
544 2094 634 2159 sunt3
658 2095 712 2146 aut
733 2083 818 2146 nulla
839 2083 994 2166 plerisque
1018 2086 1124 2167 patria,
1199 2113 1208 2132 ·
1248 2115 1253 2128 ·
1297 2107 1301 2118 ·

186 2195 239 2246 aut
266 2183 327 2247 alia
355 2195 412 2246 est.
466 2183 590 2246 Paucos
619 2203 756 2258 numero,
787 2183 920 2262 trepidos
949 2185 1125 2265 ignorantia,

187 2282 309 2344 coelum
334 2283 438 2364 ipsum
464 2303 500 2344 ac
522 2303 606 2343 mare
632 2293 664 2343 ot
688 2281 790 2356 silvas,
814 2268 927 2364 ignota
943 2283 1044 2344 omnia
1070 2285 1126 2344 cir-

187 2393 443 2462 cumspectantes,
471 2382 593 2444 clausos
623 2381 847 2465 quodammodo
875 2404 911 2445 ac
939 2384 1057 2446 vinctos
1084 2383 1125 2446 dii

187 2483 273 2545 nobis
295 2482 492 2546 tradiderunt.
536 2482 586 2546 Ne
609 2494 718 2546 terreat
739 2504 835 2545 vanus
858 2497 1001 2565 aspectus
1017 2497 1047 2548 et
1061 2487 1126 2548 auri

186 2584 287 2668 fulgor
300 2597 391 2667 atque
406 2586 532 2667 argenti,
548 2584 631 2667 quod
651 2606 752 2667 neque
773 2585 848 2668 tegit
862 2607 962 2668 neque
976 2586 1126 2652 vulnerat

187 2685 223 2749 ln
253 2688 320 2767 ipsa
354 2685 489 2749 hostiurn
522 2687 589 2749 acie
618 2688 809 2750 inveniemus
841 2699 960 2749 nostras
996 2708 1125 2749 manus:

187 2800 354 2871 agnoscent
390 2786 528 2853 Britanni
568 2811 657 2852 suam
694 2810 845 2851 causam:
889 2787 1128 2852 recordabuntur

191 2887 273 2950 Galli
300 2889 432 2968 priorem
453 2889 645 2953 libertatem:
675 2889 818 2952 deserent
843 2888 911 2952 illos
934 2889 1028 2951 ceteri
1051 2887 1128 2951 Ger-

189 2989 281 3064 mani,
296 3002 442 3070 tanquam
463 3011 562 3071 nuper
584 2989 686 3075 Usipii
707 2991 905 3074 reliquerunt.
948 2989 1018 3053 Nec
1041 2991 1128 3074 quid-

189 3110 282 3172 quam
325 3088 405 3152 ultra
447 3088 641 3153 formidinis:
695 3111 793 3154 vacua
839 3091 974 3168 castello,
1019 3114 1127 3155 senum

189 3191 336 3266 coloniae,
367 3192 445 3254 inter
479 3189 560 3280 male
595 3203 736 3272 parentes
765 3205 796 3256 et
831 3193 942 3276 injuste
979 3194 1128 3278 imperan-

190 3304 236 3355 tes
266 3314 358 3376 aegra
385 3293 554 3373 municipia
581 3305 612 3354 et
640 3291 864 3356 discordantia:
898 3293 948 3357 hic
977 3294 1049 3372 dux,
1079 3294 1129 3358 hic

189 3395 361 3456 exercitus:
391 3393 434 3456 ibi
457 3395 570 3456 tributa
593 3406 623 3456 et
648 3394 771 3457 metalla
794 3406 826 3457 et
850 3409 970 3459 ceterae
997 3397 1129 3472 servien-

190 3495 267 3556 tium
288 3513 428 3573 poenae:
452 3516 529 3577 quas
551 3495 583 3558 in
607 3507 765 3558 aetornum
789 3495 924 3576 perferre
950 3509 1002 3559 aut
1028 3497 1129 3559 statim

191 3594 296 3658 ulcisci
320 3594 351 3657 in
373 3593 432 3656 hoc
452 3617 562 3679 campo
585 3607 641 3659 est.
684 3596 818 3661 Proinde
841 3599 910 3660 ituri
934 3599 964 3660 in
987 3598 1085 3660 aciem
1100 3607 1129 3659 ct

191 3695 319 3780 majores
333 3708 451 3758 vestros
467 3709 497 3759 et
510 3711 649 3782 posteros
670 3699 832 3782 cogitate.”

230 3792 375 3858 XXXIII.
386 3794 560 3933 {Excepere
587 3803 752 3864 orationem
780 3800 905 3876 alacres,
934 3811 968 3862 nt
995 3798 1129 3862 barbaris
