2770 4324
149 373 155 376 ·
232 353 275 413 72
557 368 587 411 c.
612 367 708 410 conr.
731 365 842 410 ‘rnorrr

231 518 346 582 bonum
366 516 465 580 virum
486 515 578 580 facile
599 515 751 591 crederes,
773 535 922 600 magnum
949 514 1088 579 libenter.
1132 509 1162 578 Ε

231 641 297 702 rpse
312 617 448 704 quidem,
464 639 644 704 quanquam
664 618 768 698 medio
782 619 814 682 in
829 619 928 700 spatio
942 618 1078 702 integrae
1093 629 1174 680 aeta·
1186 655 1201 666 -·
1218 647 1223 656 ·
1322 701 1330 712 ·

232 723 270 786 tis
285 733 420 804 ereptus,
434 733 586 805 quantum
607 719 647 784 ad
667 711 811 804 gloriam,
821 719 1039 805 longissimum
1063 739 1175 782 aarum

231 824 360 908 peregit.
404 822 529 905 Quippe
545 834 576 886 et
589 843 662 886 vera
683 822 773 900 bona,
789 822 914 907 quaein
928 820 1091 886 virtutibus
1117 820 1176 883 sita

231 936 311 1002 sunt,
341 924 532 1006 impleverat,
573 931 606 988 et
652 923 808 990 consulari
857 941 894 986 ao
940 919 1175 1006 triumphalibus

231 1028 420 1090 ornamentis·
453 1025 601 1109 praedito,
631 1026 706 1110 quid
744 1025 828 1089 aliud
863 1024 1020 1088 adstruere
1055 1021 1175 1088 fortuna

232 1127 373 1209 poteratl
416 1128 537 1210 Opibus
573 1129 678 1190 nimiis
706 1149 767 1191 non
802 1127 978 1211 gaudebat;
1016 1126 1175 1208 speciosae

231 1230 430 1313 contigerant.
473 1227 554 1291 Filia
579 1240 672 1311 atque
701 1249 796 1291 uxore
826 1227 1052 1313 superstitibus,
1074 1239 1176 1309 potest

232 1329 326 1392 rideri
341 1328 584 1406 etiambeatus3
607 1328 754 1392 incolumi
768 1327 926 1413 dignitate,
940 1327 1067 1392 florente
1081 1327 1175 1405 lama,

231 1430 324 1494 salvis
339 1429 537 1495 affinitatibus
552 1444 583 1494 et
597 1430 757 1508 amicitiis,
767 1429 871 1510 lutura
888 1430 1047 1515 effugisse.
1090 1428 1176 1494 Nam

232 1533 321 1597 sicuti
336 1534 445 1597 durare
468 1534 500 1597 in
521 1533 579 1598 hac
600 1533 772 1599 beatissimi
797 1533 914 1597 saeculi
928 1532 999 1596 luce
1015 1553 1052 1596 ac
1064 1533 1176 1616 princi·

230 1657 303 1718 pern
329 1633 499 1721 Trajanum
520 1636 635 1713 ridere,
662 1635 746 1720 quod
770 1636 899 1720 augurio
924 1636 1066 1718 votisque
1094 1633 1177 1728 apud

231 1749 350 1800 nostras
371 1759 461 1800 aures
484 1737 685 1813 aminabatur,
701 1738 744 1799 ita
758 1736 919 1800 festinatae
940 1737 1047 1798 mortis
1061 1731 1176 1819 grande

232 1838 376 1901 solatium
397 1838 476 1914 tulit,
493 1838 631 1900 evasisse
652 1850 844 1917 postremum
867 1836 943 1900 illud
965 1849 1098 1918 tempus,
1114 1858 1177 1919 quo
1218 1827 1230 1838 ”

231 1937 428 2002 Domitianus
442 1960 504 2001 non
527 1938 593 2023 jam
606 1959 663 2020 per
676 1938 834 2002 intervalla
848 1959 885 2000 ac
900 1937 1085 2020 spiramenta
1099 1949 1175 2001 tem·

231 2061 351 2123 porum,
367 2040 422 2103 sed
449 2041 594 2104 continuo
618 2053 649 2104 et
673 2039 759 2104 velut
780 2061 843 2104 uno
864 2041 928 2104 ictu
953 2040 1176 2125 rempublicam

233 2141 385 2206 exhausit.
1132 2148 1141 2157 “

275 2242 378 2308 XLV.
402 2243 476 2308 Non
506 2245 582 2310 vidit
610 2243 756 2330 Agricola
792 2244 953 2308 obsessam
989 2244 1116 2321 curiam,
1147 2257 1177 2308 et

232 2347 374 2410 clausum
403 2348 496 2410 armis
519 2357 670 2423 senatum,
694 2357 725 2411 et
746 2345 856 2410 eadem
878 2358 979 2432 strage
1001 2358 1046 2410 tot
1071 2366 1177 2410 oonsu-

233 2449 342 2511 larium
364 2447 486 2524 caedes,
510 2460 555 2511 tot
582 2448 844 2511 nobilissimarum
864 2446 1047 2511 seminarum
1070 2447 1177 2510 exsilia

233 2562 264 2612 et
277 2548 379 2633 fugas.
423 2548 494 2612 Una
515 2547 616 2611 adhuc
630 2549 758 2611 victoria
773 2547 875 2611 Carus
890 2547 1007 2611 Metius
1033 2548 1177 2611 censeba-

234 2664 291 2728 tur,
322 2663 353 2715 et
388 2655 468 2714 intra
501 2650 653 2714 Albanam
689 2669 793 2711 arcem
830 2650 981 2711 sententia
1016 2648 1176 2714 Messalini

234 2753 397 2840 strepebat,
414 2765 445 2817 et
459 2751 567 2815 Massa
589 2749 708 2814 Bobius
730 2750 794 2834 jam
815 2762 882 2813 turn
895 2771 968 2813 reus
983 2762 1058 2814 erat.
1102 2750 1177 2814 Mos

235 2871 355 2918 nostrae
381 2855 496 2919 duxere
519 2851 703 2920 Helvidium
729 2853 759 2915 in
786 2871 942 2916 carcerem
967 2873 1097 2916 manus:
1120 2873 1176 2915 nos

235 2955 367 3020 Maurici
397 2955 583 3038 Rusticique
617 2953 714 3030 visus,
744 2975 801 3017 nos
837 2954 991 3019 innocenti
1028 2955 1177 3040 sanguine

235 3056 368 3119 Senecio
382 3054 527 3138 perfudit.
571 3053 657 3118 Nero
671 3059 783 3119 tamen'
790 3056 939 3121 subtraxit
953 3055 1059 3120 oculos
1070 3055 1177 3139 jussit·

233 3177 294 3240 que
310 3157 437 3232 scelera,
461 3178 523 3219 non
545 3158 716 3239 spectavit:
739 3160 905 3240 praecipua
927 3157 985 3220 sub
1000 3156 1177 3223 Domitiano

233 3259 428 3322 miseriarum
449 3279 520 3339 pars
542 3270 607 3321 erat
627 3258 732 3322 videre
754 3271 787 3322 et
807 3259 923 3343 aspici:
951 3277 1024 3319 cum
1046 3256 1176 3336 suspiria

233 3372 337 3424 nostra
358 3360 642 3438 subscriberentur3
666 3383 740 3426 cum
754 3358 934 3424 denotandis
956 3369 1001 3420 tot
1017 3356 1176 3422 homiuum

233 3457 400 3542 palloribus
423 3457 580 3522 sufficerat
605 3479 718 3522 saevus
740 3457 792 3522 ille
812 3455 916 3519 vultus
939 3466 970 3518 et
990 3454 1092 3533 rubor,
1115 3475 1176 3538 quo

234 3583 268 3624 se
295 3574 401 3626 contra
424 3561 575 3644 pudorem
595 3560 764 3624 muniebat.
809 3555 862 3622 Tu
884 3578 958 3620 vero
978 3555 1063 3634 felix,
1086 3557 1177 3641 Agri-

234 3665 313 3740 cola,
326 3687 387 3727 non
402 3666 482 3728 ritae
503 3675 625 3728 tanturn
646 3662 792 3738 claritate,
808 3659 865 3724 sed
886 3661 979 3724 etiam
1001 3657 1176 3746 opportuni·

235 3779 295 3829 tate
317 3769 432 3832 mortis.
453 3766 500 3830 Ut
511 3765 673 3848 perhibent
697 3765 751 3848 qui
779 3763 981 3828 interfuerunt
1001 3760 1176 3826 novissimis
