2772 4322
574 401 614 442 nn
639 399 819 442 senarium.
850 381 871 470 ᾗ
1048 399 1057 455 ζ
1126 383 1164 442 37

84 555 91 584 ¹
148 540 187 618 ,ι”
226 562 345 624 castum
373 569 494 626 nemus,
517 548 714 632 dicatumque
743 549 774 611 in
804 569 841 611 eo
870 547 1057 625 vehiculum,
1080 559 1165 611 roste

225 637 421 716 contectum·
455 652 604 734 attingere
632 652 687 714 uni
715 649 866 714 sacerdoti
895 671 1089 712 concessum.
1133 647 1166 712 Is

183 743 205 775 π’
225 752 334 816 adesse
370 752 517 834 penetrali
545 751 636 815 deam
663 751 815 835 intelligit,
845 753 1028 835 vectamque
1064 751 1166 814 bubus

225 855 348 918 feminis
377 853 474 916 multa
503 875 576 917 cum
604 855 799 916 veneratione
827 854 1032 936 prosequitur.
1077 850 1165 916 Laeti

209 967 297 1019 0tunc
332 955 409 1032 dies,
446 955 526 1020 festa
560 955 638 1031 loca,
676 975 890 1037 quaecumque
928 953 1060 1017 adventu
1096 953 1167 1016 hos·

151 1102 164 1135 ,.
224 1058 361 1142 pitioque
393 1057 544 1142 dignatur.
602 1055 675 1119 Non
710 1055 792 1118 bella
841 1056 956 1132 ineunt,
986 1077 1047 1117 non
1082 1077 1166 1118 arma

120 1152 142 1199 ”
181 1145 183 1148 ’
224 1171 369 1236 sumunt;
393 1158 536 1222 clausurn
565 1179 654 1221 omne
677 1157 812 1221 ferrum:
835 1177 896 1238 pax
924 1169 955 1219 et
976 1157 1065 1240 quies
1093 1169 1167 1220 tune

224 1272 341 1324 tantum
356 1272 437 1338 nota,
452 1273 526 1324 tunc
548 1273 666 1324 tantum
686 1273 797 1336 amata,
813 1259 911 1322 donec
927 1258 1009 1322 idem
1024 1249 1166 1322 sae'erdos

224 1359 365 1425 s‘atiatam
379 1363 609 1425 conversatione
628 1362 803 1424 mortalium
817 1360 907 1424 deam
922 1360 1037 1443 templo
1050 1360 1166 1426 reddat.

224 1461 301 1526 Mox
313 1462 492 1524 vehiculum
516 1474 547 1524 et
566 1472 681 1536 vestes,
698 1474 738 1534 et,
754 1463 780 1523 si
802 1461 926 1524 credere
948 1462 1036 1538 velis
1052 1480 1167 1525 numen

224 1562 328 1640 ipsum
351 1572 469 1623 secreto
490 1561 562 1622 lacu
587 1559 730 1623 abluitur.
774 1558 863 1623 Servi
885 1561 1066 1636 ministrant,
1090 1584 1167 1644 quos

225 1661 329 1724 statim
343 1661 426 1725 idem
447 1660 534 1724 lacus
556 1661 678 1739 haurit;
702 1682 832 1724 arcanus
854 1660 926 1725 hinc
940 1673 1035 1724 terror
1050 1676 1167 1726 sancta·

224 1785 284 1848 que
314 1765 493 1850 ignorantia,
524 1763 598 1848 quid
620 1765 660 1827 sit
684 1762 769 1840 illud,
792 1762 876 1848 quod
903 1775 1021 1826 tantum
1042 1765 1167 1846 perituri

208 1863 337 1930 ·vident.
586 1855 829 1947 dum-vm
929 1844 1099 1944 danim

264 1966 347 2033 XLI.
371 1967 414 2033 Et
428 1968 506 2032 haee
521 1964 648 2055 quidem
669 1991 740 2054 pars
763 1968 960 2032 Suanorum
952 1992 982 2032 1n
1004 1971 1167 2034 secretiora

225 2069 410 2135 Germaniae
432 2073 605 2156 porrigitur.
650 2070 788 2157 Propior,
811 2085 847 2135 ut
868 2094 929 2155 quo
958 2071 1050 2135 modo
1074 2072 1167 2158 paulo

129 2245 131 2253 Ι
225 2184 294 2234 ante
317 2172 474 2248 Rhenum,
492 2174 537 2235 sic
558 2194 641 2235 nunc
663 2171 844 2235 Danubium
866 2193 985 2254 sequar,
1010 2171 1167 2236 Hermun-

224 2271 371 2336 durorum
407 2274 524 2348 civitae,
554 2272 616 2336 fida
651 2273 812 2349 Romame,
850 2293 949 2356 eoque
985 2273 1059 2336 solis
1089 2271 1166 2336 Ger-

129 2412 134 2432 .
225 2395 386 2437 manorum
422 2396 484 2437 non
511 2375 543 2436 in
578 2375 644 2458 ripa
680 2375 911 2476 commercium,
942 2374 998 2437 sed
1032 2376 1166 2460 penitus,

81 2544 83 2554 Ι
225 2487 317 2558 atque
340 2476 371 2538 in
394 2475 640 2557 splendidissima
662 2475 813 2541 Rhaetiae
842 2478 1015 2559 provinciae
1038 2477 1166 2540 colonia.

98 2570 100 2578 ’
159 2601 164 2606 ·
225 2576 350 2642 Passim
379 2591 409 2642 et
433 2579 503 2642 sine
526 2579 653 2642 custode
681 2592 861 2644 transeunt:
893 2593 932 2656 e‚t
956 2601 1029 2644 cum
1057 2581 1167 2644 ceteris
1220 2577 1224 2586 '

224 2681 367 2764 gentibus
389 2704 474 2745 arma
488 2681 580 2744 modo
595 2694 756 2766 castraque
771 2695 874 2745 nostra
896 2681 1103 2757 ostendamur,
1119 2681 1167 2744 his

223 2783 333 2846 domos
360 2783 511 2867 villasque
540 2782 745 2865 patefecimus
773 2803 834 2846 non
866 2782 1166 2864 concupiscentibus.

85 2955 90 2964 ‚
173 2915 174 2918 ¹
225 2882 262 2946 In
291 2884 519 2949 Hermunduris
548 2886 638 2949 Albis
675 2888 779 2963 oritur,
809 2886 924 2950 flumen
961 2885 1101 2948 inclitum
1136 2897 1168 2948 ot
1226 2923 1235 2938 ·

178 3021 191 3036 ,
226 2998 332 3050 notum
347 2986 420 3049 olim
433 3009 442 3063 ;
465 3008 547 3050 nunc
562 2999 680 3050 tantum
695 2988 835 3052 auditur.'

266 3081 363 3148 XLII.
387 3087 481 3151 Juxta
495 3087 732 3152 Hermunduros
759 3089 892 3167 Narisci,
909 3113 945 3154 ae
960 3091 1069 3155 deinde
1086 3090 1169 3154 Mar-

225 3191 367 3255 comanni
383 3203 413 3254 et
429 3189 531 3264 Quadi
548 3201 652 3274 agunt.
693 3190 866 3273 Praecipua
881 3191 1168 3257 Marcomannorum

226 3293 322 3376 gloria
342 3294 496 3376 viresque,
520 3305 612 3377 atque
635 3293 702 3375 ipsa
732 3294 825 3356 etiam
847 3294 948 3372 sedec,
970 3297 1069 3377 pulsis
1097 3297 1168 3359 olim

226 3392 323 3471 Boiis,
346 3397 456 3460 virtute
485 3408 581 3477 parta.
626 3395 697 3459 Nec
719 3394 843 3459 Narisci
873 3397 1015 3471 Quadive
1038 3399 1170 3482 degens·

228 3507 303 3556 rant.
346 3495 455 3581 anue
487 3498 672 3562 Germaniae
701 3499 787 3563 velut
814 3499 898 3563 frons
932 3513 989 3576 est,
1019 3515 1170 3584 quatenus

230 3593 372 3657 Danubio
404 3601 571 3682 peragitur.
616 3599 844 3664 Marcomannis
867 3600 1049 3683 Quadisque
1070 3621 1169 3683 usqua

228 3695 267 3760 ad
294 3707 430 3760 nostram
465 3705 646 3766 memoriam
681 3723 771 3786 reges
808 3715 986 3764 manserunt
1014 3723 1053 3764 ex
1080 3715 1170 3786 gente

239 3819 375 3876 psorem,
402 3801 503 3864 nobile
527 3802 708 3867 Marobodui
732 3817 763 3866 et
785 3803 884 3866 Tudri
913 3825 1035 3886 genus:
1056 3804 1119 3884 ,jam
1142 3820 1169 3868 et
