2772 4322
903 293 916 362 x
972 245 975 251 ,

599 356 769 400 remcort.
864 414 869 425 Ι
915 359 916 362 ’
1119 344 1159 402 59

219 507 325 569 castris
346 505 442 588 pedes
465 526 622 590 equesque
638 518 669 569 et
682 506 824 569 nauticus
846 504 946 582 miles,
962 506 1049 569 mixti
1064 506 1159 587 copiis

218 619 248 671 et
272 607 397 685 laetitia,
413 627 470 671 sua
491 609 622 692 quisque
644 606 735 684 faeta,
758 628 831 670 suos
856 628 948 671 casus
970 606 1158 672 attollerent:
1201 629 1206 638 ’

217 732 253 773 ac
276 709 369 773 modo
392 711 538 773 silvarum
558 729 595 772 ac
615 711 767 773 montium
790 709 953 791 profunda,
967 708 1060 773 modo
1082 721 1160 774 tem·

217 823 370 892 pestatum
395 833 432 875 ac
456 791 609 874 ductuum
637 810 774 887 adversa,
797 810 869 874 hinc
896 823 978 874 terra
998 823 1030 875 et
1050 810 1157 887 hostis,

217 912 288 976 binc
320 911 425 975 vietus
452 911 598 975 Oceanus
626 912 749 975 militari
774 911 920 996 jactantia
948 934 1159 994 compararen-

218 1025 275 1078 tur.
319 1012 482 1076 Britannos
511 1034 645 1097 quoque,
674 1025 710 1077 ut
738 1035 777 1076 ex
805 1013 933 1095 captivis
968 1013 1158 1090 audiebatur,

220 1116 283 1178 risa
311 1114 420 1179 classis
450 1114 722 1197 obstupefaciebat,
745 1121 903 1198 tanquam,
932 1125 1037 1196 aperto
1065 1117 1159 1194 maris

217 1217 265 1280 sui
294 1228 422 1294 secreto,
451 1215 596 1280 ultimum
623 1216 714 1280 victis
750 1215 928 1300 perfugium
956 1215 1159 1280 clauderetur.

111 1368 114 1375 .
219 1319 266 1382 Ad
292 1341 403 1383 manus
433 1329 464 1382 et
485 1340 570 1381 arma
597 1318 736 1382 conversi
761 1317 963 1382 Caledoniam
991 1317 1159 1383 incolentes

215 1419 329 1500 populi,
352 1431 460 1500 paratu
484 1439 607 1502 magne,
629 1417 743 1502 majore
765 1418 857 1495 fama,
879 1420 925 1482 uti
953 1441 1024 1482 mos
1051 1432 1099 1483 est
1120 1420 1158 1484 de

216 1520 338 1603 ignotis,
362 1539 556 1603 oppugnasse
579 1518 667 1595 ultro,
691 1518 818 1580 castella
843 1518 950 1595 adorti,
973 1533 1102 1597 metum,
1125 1532 1159 1584 ut

214 1633 424 1702 provocantes,
441 1619 633 1683 addiderant:
656 1619 952 1704 regrediendumque
967 1621 1044 1684 citra
1058 1619 1158 1684 Bodo-

44 1763 48 1773 ·
153 1793 155 1804 γ
215 1723 312 1799 triam,
329 1734 359 1786 et
374 1721 586 1786 excedendum
607 1722 720 1806 potius,
736 1742 830 1806 quam
843 1721 1038 1807 pellerentur,
1054 1723 1158 1804 specie

213 1824 410 1910 prudentium
425 1825 526 1909 ignavi
549 1823 775 1888 admonebant:
797 1847 870 1888 cum
892 1825 1014 1890 interim
1027 1847 1158 1910 cognos-

113 1969 124 1996 κ,
162 1964 165 1972 ,
214 1928 255 1990 cit
282 1927 387 1991 hostes
422 1927 562 2010 pluribus
591 1927 767 2012 agminibus
795 1927 977 2009 irrupturos.
1031 1928 1089 2004 Ac,
1118 1949 1157 1990 ne

74 2021 84 2059 ²⁴
134 2030 139 2046 '
214 2041 377 2110 superante
406 2051 535 2092 numero
564 2041 595 2092 et
622 2029 731 2110 peritia
766 2028 907 2092 locorum
936 2029 1155 2106 circumiretur,

67 2112 69 2126 ¹
213 2130 311 2194 diviso
326 2144 357 2194 et
371 2130 439 2213 ipse
453 2131 561 2193 intres
575 2142 677 2210 partes
698 2129 836 2192 exercitu
850 2131 987 2193 incessit.
1029 2142 1033 2152 ‘

147 2240 165 2332 J
256 2229 379 2294 XXVI.
403 2229 497 2303 Quod
521 2230 577 2292 ubi
599 2230 758 2312 cognitum
781 2228 860 2292 host'
840 2241 872 2306 tr,
894 2249 948 2292 mu
949 2241 1011 2292 tato
1032 2243 1157 2310 repente

130 2339 153 2404 ¹
214 2330 352 2408 oonsilio,
368 2330 504 2394 universi
526 2351 638 2394 nonam
658 2329 824 2414 legionem,
840 2340 875 2393 ut
895 2330 1029 2392 maxime
1051 2331 1158 2395 invali·

98 2473 120 2536 x.,
176 2432 295 2510 darn,
318 2444 408 2495 nocte
433 2431 589 2516 aggressi,·
598 2431 676 2495 inter
701 2453 845 2494 somnum
867 2453 904 2494 ac
926 2431 1155 2513 trepidationem

86 2521 111 2588 b
157 2525 184 2616 ’ζ’
216 2535 313 2597 caesis
341 2533 535 2618 vigilibus,
527 2554 702 2615 irrupere.
716 2531 887 2617 Jamque'
878 2555 911 2597 m
942 2535 1019 2618 ipsis
1048 2539 1156 2599 castris

149 2630 159 2680 Γ
214 2637 398 2721 pugnabant,
413 2657 487 2700 cum
508 2634 687 2720 Agricola,
679 2648 737 2699 rter
757 2634 893 2698 hostium
908 2623 946 2698 ab
962 2636 1156 2720 exploratori

213 2738 282 2801 bus
298 2737 426 2801 edoctus
442 2748 472 2801 et
484 2737 625 2820 vestigiis
651 2738 820 2813 insecutus
836 2725 1048 2800 velocissimos
1070 2739 1155 2820 equi-

148 2831 183 2882 v'
215 2849 280 2902 tum
306 2838 506 2922 peditumque
532 2838 682 2918 assultare
711 2839 805 2921 tergis
830 2837 1033 2920 pugnantium
1057 2837 1154 2922 jubet,

197 2961 286 3025 'mox
300 2941 338 3002 ab
352 2940 504 3003 universis
526 2940 617 3023 adjici
639 2941 823 3017 clamorem3
848 2951 879 3002 et
893 2940 1064 3024 propinqua
1085 2939 1154 3003 luce

92 3035 94 3043 ’
147 3047 151 3066 '
215 3040 328 3105 fulsere
355 3041 463 3123 signas
485 3040 528 3102 ita
556 3041 692 3121 ancipiti·
708 3041 790 3104 malo
818 3042 913 3104 territi
943 3039 1101 3106 Britanni:
1126 3054 1155 3119 et

214 3142 364 3206 Romanis
378 3141 457 3204 redit
478 3141 610 3217 animus,
627 3162 673 3217 ac,
690 3143 791 3206 securi
808 3163 864 3225 pro
882 3143 985 3218 salute,
1007 3144 1043 3202 de
1060 3143 1154 3227 gloria

143 3297 146 3304 .
211 3244 379 3321 certabant.
423 3241 511 3320 Ultro
526 3243 600 3326 quin
622 3242 715 3305 etiam
730 3263 876 3330 erupere:
901 3243 1004 3319 etfuit
1017 3256 1103 3306 atrox
1124 3245 1153 3306 in

213 3345 467 3429 ipsisportarum
495 3343 645 3426 angustiis
667 3343 827 3427 proelium,
850 3344 948 3407 donec
973 3345 1056 3426 pulsi
1085 3344 1155 3406 lios.

215 3458 282 3528 tes3
305 3458 435 3530 utroque
458 3446 594 3509 exercitu
616 3457 760 3522 certante,
783 3445 841 3524 his,
865 3458 900 3509 ut
921 3446 1030 3510 tulisse
1053 3467 1153 3527 opem,

38 2488 40 2492 ’
76 2491 84 2524 i

217 3546 284 3622 illis,
299 3567 339 3608 ne
361 3547 486 3643 eguisse
508 3546 621 3610 auxilio
642 3546 827 3611 riderentur.
872 3546 1046 3620 Quodnisi
1068 3545 1153 3628 palu·
1241 3551 1245 3558 '

214 3647 269 3714 des
291 3659 322 3711 et
346 3644 440 3710 silvae
462 3647 616 3732 fugientes
639 3650 797 3727 texissent,
813 3648 999 3712 debellatum
1026 3647 1078 3712 illa
1091 3648 1152 3712 vic·

214 3752 288 3816 toris
302 3748 387 3814 soret.
