2772 4322
611 367 784 412 sericeas.
1126 351 1161 414 et
1177 433 1183 444 ¹

224 530 255 583 et
276 539 336 582 nox
356 517 439 582 clara
467 531 498 580 et
523 529 659 580 extrema
681 516 857 581 Britanniae
886 529 971 599 parte
1000 516 1112 595 brevis,
1135 529 1169 583 ut
1195 565 1204 575 -

225 621 317 684 linem
332 631 424 704 atque
450 620 572 684 initium
596 619 676 682 lucis
692 621 805 704 exiguo
819 618 995 683 discrimine
1022 619 1170 684 internos-

226 744 288 786 cas.
333 721 427 797 Quod
442 724 469 786 si
483 721 583 785 nubes
605 745 665 784 non
692 721 836 798 officiant,
852 723 950 808 aspici
971 743 1027 804 per
1048 735 1169 785 noctem

210 817 299 901 sssolis
314 823 476 908 fulgorem,
490 845 549 888 nec
572 824 712 887 occidere
728 836 760 887 et
773 845 948 908 exsurgere,
966 823 1021 888 sed
1041 822 1171 888 transire

227 927 388 990 affirmant.
434 911 562 989 Scilicet
584 937 720 988 extrema
735 938 765 988 et
778 925 871 1011 plana
887 937 1047 1003 terrarum,
1062 925 1170 990 humili

226 1029 345 1104 umbra,
377 1049 438 1090 non
475 1029 596 1112 erigunt
631 1028 784 1103 tenebras,
814 1026 954 1111 infraque
990 1027 1113 1092 coelum
1141 1040 1173 1092 et

226 1130 327 1193 sidera
348 1151 409 1192 nox
424 1130 515 1193 cadit.
561 1129 680 1207 Solum,
704 1142 824 1211 praeter
848 1128 947 1193 oleam
961 1130 1118 1213 vitemque
1142 1141 1173 1192 et

226 1243 328 1294 cetera
351 1230 548 1298 calidioribus
571 1232 659 1294 terris
682 1233 751 1295 oriri
778 1243 875 1308 sueta,
896 1233 1014 1313 patiens
1036 1231 1172 1315 frugum,

177 1369 180 1380 ·
227 1333 394 1397 fecundum
450 1333 554 1396 Tarde
569 1335 745 1410 mitescunt,
763 1335 824 1397 cito
838 1335 1039 1416 proven'unt:
1064 1332 1174 1396 eadem

157 1507 159 1517 Ι
227 1436 387 1518 utriusque
409 1435 454 1497 rei
476 1457 581 1511 causa,
596 1435 713 1498 multus
729 1435 840 1499 humor
859 1449 1007 1500 terrarum
1022 1435 1163 1519 coelique

127 1606 130 1627 ό
228 1535 301 1599 Fert
315 1535 473 1600 Britannia
493 1557 603 1599 eurum
618 1548 649 1600 et
663 1548 824 1620 argentum
839 1549 870 1600 et
885 1538 944 1601 alia
958 1537 1091 1614 metelle,
1106 1557 1174 1618 pre·

130 1714 134 1723 ι
228 1639 305 1702 tium
333 1638 497 1702 victoriae:
534 1639 632 1724 gignit
660 1651 692 1702 et
728 1639 873 1702 Oceanus
909 1639 1082 1723 margarita,
1120 1637 1175 1700 sed

134 1734 139 1752 ’
228 1739 377 1803 subfusca
398 1761 436 1802 ac
457 1739 591 1803 liventia.
636 1739 773 1814 Quidam
795 1752 892 1804 artem
914 1733 1024 1804 abesse
1046 1739 1175 1824 legenti·

227 1843 286 1906 bus
308 1841 510 1906 arbitrantur:
533 1864 606 1908 nam
627 1843 773 1908 inRubro
794 1843 871 1906 mari
886 1843 956 1907 viva
977 1863 1015 1905 ac
1030 1842 1175 1924 spirantia

228 1946 310 2008 sanis
332 1944 433 2022 avelli,
457 1946 488 2008 in
511 1943 678 2022 Britannia,
693 1956 784 2027 prout
806 1945 934 2028 expulsa
957 1946 1027 2022 sint,
1049 1944 1174 2028 colligi:
1217 2027 1220 2030 Ι

228 2068 287 2131 ego
315 2047 437 2110 facilius
466 2046 650 2110 crediderim
681 2059 821 2110 naturam
850 2033 1022 2131 margaritis
1051 2046 1174 2122 deesse,
1244 2107 1247 2120 ,

228 2169 321 2231 quam
336 2148 425 2211 nobis
440 2148 608 2209 avaritiam.
744 2133 752 2152 ’
1114 2221 1117 2234 Α

272 2247 366 2311 XIII.
390 2247 455 2332 ipsi
479 2245 617 2310 Britanni
631 2246 787 2309 delectum
809 2269 845 2310 ac
866 2247 979 2310 tributa
994 2259 1025 2309 et
1039 2247 1175 2331 injuncta

230 2350 350 2430 imperii
364 2369 494 2411 munera
508 2349 638 2433 impigre
654 2346 778 2425 obeunt,
795 2349 821 2412 si
836 2347 964 2433 injuriae
980 2348 1094 2411 absint:
1118 2347 1174 2412 has
1234 2332 1240 2344 ¹
1272 2415 1280 2431 .

229 2440 321 2532 aegie
349 2448 488 2525 tolerant,
520 2449 586 2533 jam
613 2448 721 2512 domiti
749 2461 784 2512 ut
811 2461 947 2532 pareant,
976 2449 1114 2514 nondum
1140 2463 1175 2514 ut

139 2541 174 2606 Γ
230 2552 372 2614 serviant.
416 2550 516 2636 Igitur
535 2553 655 2637 primus
681 2553 820 2616 omnium
850 2551 1063 2618 Romanorum
1085 2552 1175 2618 divus

150 2701 155 2710 .
229 2652 332 2717 Julius
355 2675 428 2718 cum
450 2655 586 2718 exercitu
601 2653 790 2720 Britanniam
813 2656 982 2738 ingressus,
998 2677 1175 2739 quanquam

203 2804 212 2822 .
229 2777 373 2838 prospera
393 2777 498 2840 pugna
519 2757 660 2821 terruerit
682 2756 797 2820 incolas
813 2778 850 2819 ac
864 2757 965 2819 littore
986 2757 1101 2836 potitus
1125 2757 1173 2832 sit,

229 2869 330 2941 potest
344 2857 440 2920 videri
456 2859 627 2922 ostendisse
648 2860 791 2940 posteris,
806 2877 868 2921 non
882 2857 1055 2922 tradidisse.
1099 2855 1174 2920 Mon

230 2958 312 3021 bella
333 2958 435 3022 civilia
449 2971 481 3022 et
494 2961 526 3022 in
547 2960 770 3045 rempublicam
785 2981 875 3024 versa
893 2960 1065 3042 principum
1080 2970 1173 3036 arma,

230 3083 267 3124 ac
280 3060 373 3144 longa
396 3059 508 3123 oblivio
527 3051 702 3126 Britanniae
718 3063 811 3125 etiam
826 3064 857 3125 in
870 3083 958 3144 pace.
968 3059 1173 3126 ‘tConsilium

230 3162 262 3226 id
289 3162 380 3226 divus
409 3162 572 3246 Augustus
608 3155 747 3238 vocabat,
778 3162 925 3228 Tiberius
964 3176 1174 3250 praeceptum.
1282 3232 1288 3244 ,

231 3265 376 3348 Agitasse
407 3263 446 3328 C.
478 3263 646 3327 Caesarem
675 3263 713 3326 de
742 3265 881 3328 intranda
908 3265 1066 3330 Britannia
1101 3265 1175 3328 satis

231 3377 359 3442 constat,
389 3366 422 3429 ni
449 3365 541 3430 velox
576 3365 710 3450 ingenio,
743 3367 865 3430 mobilis
900 3369 1115 3450 poenitentiae,
1145 3378 1175 3430 et

231 3467 371 3549 ingentes
386 3467 540 3531 adversus·
551 3455 751 3532 Germaniam
765 3482 893 3534 conatus
908 3469 1019 3533 frustra
1033 3469 1175 3532 fuissent.

232 3564 332 3630 Divus
356 3565 507 3631 Claudius
530 3580 636 3632 auctor
660 3571 781 3655 operies
794 3572 976 3634 transvectis
1002 3568 1175 3652 legionibus

233 3666 416 3756 auxiliisque
440 3682 471 3732 et
492 3683 651 3756 assumpto
666 3673 698 3737 in
712 3685 830 3757 partem
845 3695 948 3736 rerum
963 3670 1174 3754 Vespasiano:
