2770 4324
636 327 803 371 remcort.
1152 311 1193 372 73

254 475 446 540 sermonibus
468 475 540 553 tuis,
564 487 710 540 constans
732 489 763 541 et
784 476 883 541 libens
905 475 1003 540 fatum
1025 477 1192 559 excepisti3

254 590 398 663 tanquam
436 600 491 660 pro
526 577 605 643 virili
643 580 781 660 portione
821 579 1026 642 innocentiam
1064 578 1193 660 principi

252 680 392 743 donares.
437 679 503 744 Sed
529 679 605 744 mihi
627 680 770 764 filiaeque
800 680 877 768 ejus,
899 692 1020 762 praeter
1047 681 1193 744 acerbita-

252 783 470 868 temperentia
493 782 599 864 erepti,
622 794 716 866 auget
730 783 931 860 moestitiam,
954 781 1036 866 quod
1058 781 1193 846 assidere

195 908 199 913 ·
252 884 429 958 valetudini,
445 884 549 948 fovere
567 882 773 959 deficientem,
790 883 893 946 satiari
906 883 1003 960 vultu,
1019 883 1193 968 complexu,

251 1007 313 1048 non
334 985 482 1068 contigit:
506 983 739 1068 excepissemus
761 996 843 1047 certe
865 983 1008 1046 mandata
1027 1005 1193 1069 vocesque,

252 1108 329 1171 quas
344 1087 466 1169 penitus
482 1086 584 1150 animo
598 1085 776 1170 figeremus.
820 1083 936 1150 Noster
948 1084 1000 1149 hic
1015 1083 1109 1163 dolor,
1123 1106 1194 1148 nos·

252 1201 333 1252 trum
354 1187 486 1252 vulnus:
509 1187 599 1252 nobis
621 1199 685 1250 tam
706 1187 817 1271 longae
842 1187 1000 1251 absentiae
1021 1186 1194 1251 conditione

251 1302 321 1353 ante
347 1290 582 1374 quadriennium
608 1290 742 1353 amissus
764 1301 822 1353 est.
867 1289 980 1354 Omnia
1002 1289 1068 1353 sine
1090 1287 1193 1365 dubio,

252 1393 365 1473 optime
387 1404 558 1474 parentum,
575 1391 729 1454 assidente
745 1391 954 1456 amantissima
968 1413 1073 1467 uxore,
1089 1412 1195 1472 super·
1264 1461 1265 1470 χ

251 1492 338 1556 fuere
352 1492 458 1557 honori
471 1504 543 1556 tuo:
567 1493 763 1574 paucioribus
778 1505 881 1556 tamen
894 1493 1029 1556 lacrimis
1044 1492 1195 1573 composi·

252 1607 302 1657 tus
316 1615 362 1671 es,
379 1605 410 1658 et
430 1595 598 1658 novissima
612 1594 644 1657 in
665 1593 734 1657 luce
750 1592 961 1656 desideravere
983 1592 1099 1676 aliquid
1114 1591 1195 1656 oculi

253 1697 307 1759 tui.
413 1705 416 1710 '

294 1796 414 1862 XLVI.
453 1797 488 1862 Si
524 1799 594 1883 quis
630 1798 752 1882 piorum
787 1796 930 1860 manibus
966 1795 1069 1872 locus,
1095 1795 1132 1872 si,
1158 1807 1196 1866 ‚ut

252 1901 441 1982 sapientibus
469 1901 580 1982 placet,
610 1922 673 1964 non
701 1921 774 1964 cum
805 1920 931 1986 corpore
961 1899 1196 1982 exstinguuntur

251 2000 381 2086 magnae
417 2004 548 2079 animae,
580 2002 701 2084 placide
731 2002 884 2085 quiescas,
910 2005 1039 2084 nosque,
1069 1999 1196 2064 domum

252 2117 347 2180 tuam,
369 2105 407 2166 ab
435 2105 555 2167 infirmo
584 2103 737 2166 desiderio
766 2115 797 2164 et
821 2102 1024 2164 muliebribus
1052 2100 1195 2164 lamentis

140 2270 142 2280 ¹
252 2204 292 2266 ad
327 2203 616 2283 contemplationem
644 2203 793 2265 virtutum
828 2213 950 2264 tuarum
981 2222 1084 2278 voces,
1118 2223 1194 2284 quas

154 2336 161 2350 ·
252 2325 353 2386 neque
382 2302 481 2387 lugeri
510 2324 611 2385 neque
637 2301 742 2387 plangi
763 2301 810 2364 fas
839 2313 908 2366 est:
939 2301 1136 2372 admiratione
1164 2315 1195 2366 te

252 2405 365 2485 potius,
408 2411 441 2466 te
491 2401 715 2467 immortalibus
734 2403 887 2480 laudibus,
904 2415 945 2480 et,
961 2404 987 2467 si
1001 2415 1109 2468 natura
1123 2425 1195 2486 sup·

156 2515 160 2520 ’
252 2503 376 2586 peditet‚
401 2503 600 2568 similitudine
622 2503 816 2567 decoremus.
860 2503 892 2566 Ie
915 2525 1007 2567 verus
1029 2503 1195 2582 honos,.ea

252 2603 495 2690 conjunctissimi
531 2603 680 2689 cujusque
715 2605 824 2686 pietas.
882 2603 920 2668 ld
955 2605 1036 2670 filiae
1073 2626 1195 2690 quoque

252 2707 400 2791 uxorique
414 2708 635 2788 praeceperim,
652 2707 698 2770 sic
711 2707 816 2787 patrie,
833 2707 878 2768 sic
901 2707 1001 2769 mariti
1015 2708 1195 2770 memoriam

253 2809 399 2884 venerari,
415 2819 451 2869 ut
476 2808 578 2870 omnia
598 2806 682 2870 facta
703 2807 846 2890 dictaque
872 2806 939 2892 ejus
964 2827 1074 2870 aecum
1097 2806 1195 2870 revol-

254 2921 333 2984 vant,
356 2909 548 2992 formamque
572 2931 609 2972 ac
623 2909 755 2994 figuram
780 2910 875 2973 animi
899 2908 1000 2993 magis
1015 2930 1109 2993 quam
1130 2929 1196 2972 cor·

251 3010 334 3092 poris
356 3009 619 3091 complectantur:
642 3032 704 3073 non
725 3012 797 3095 quia
818 3009 1069 3076 intercedendum
1089 3023 1196 3094 putem

252 3111 448 3196 imaginibus,
479 3132 559 3196 quae
588 3133 740 3176 marmore
769 3125 822 3176 aut
850 3135 920 3176 aere
941 3114 1117 3198 finguntur3
1141 3114 1196 3177 sed

252 3227 286 3278 ut
312 3214 418 3278 vultus
446 3213 616 3290 hominum,
646 3215 689 3277 ita
717 3215 881 3278 simulacra
908 3216 1012 3279 vultus
1041 3215 1196 3282 imbecilla

253 3335 288 3376 ac
302 3316 442 3380 mortalia
463 3327 553 3394 sunt3
576 3303 675 3379 forma
696 3316 809 3379 mentis
831 3329 963 3394 aeterna,
979 3339 1073 3400 quam
1091 3329 1195 3381 tenere

252 3426 283 3476 et
312 3418 481 3496 exprimere
509 3438 573 3480 non
599 3437 655 3498 per
682 3417 815 3483 alienam
842 3419 1002 3482 materiam
1030 3429 1061 3481 et
1088 3429 1195 3495 ortem,

253 3515 311 3578 sed
334 3517 396 3580 tuis
417 3519 484 3602 ipse
505 3518 643 3582 moribus
664 3520 775 3602 possis.
820 3518 981 3603 Quidquid
1002 3539 1042 3581 ex
1051 3517 1196 3602 Agricola

253 3617 434 3695 amavimus,
450 3618 599 3702 quidquid
619 3621 721 3684 mirati
743 3643 862 3698 sumus,
878 3631 983 3684 manet
1002 3641 1196 3686 mansurum·
1231 3696 1238 3712 ,

252 3731 376 3806 quaest
397 3720 429 3784 in
451 3721 561 3785 animis
582 3721 798 3805 hominum,‚in
813 3723 991 3786 aeternitate
1012 3734 1185 3806 temporum
