2770 4324
587 402 758 459 sonrcotr.
1102 383 1139 442 ol

204 573 314 638 neque,
329 564 364 615 ut
384 551 521 636 plerique
544 551 669 614 sortium
689 551 833 624 virorum,
850 547 1020 623 ambitiose,
1043 565 1144 630 neque

182 685 186 692 ·
204 674 260 740 per
280 653 413 716 lamenta
433 673 540 715 rursus
555 672 592 714 ac
606 671 778 715 moerorem
798 649 987 712 muliebriter
1000 646 1090 710 tulit:
1115 657 1144 709 et

204 755 236 818 in
249 753 337 818 luctu
350 754 468 818 bellum
488 754 567 817 inter
587 751 725 816 remedia
739 763 813 814 erat.
856 749 956 834 Igitur
976 743 1146 830 praemissa

205 856 315 933 classe,
331 878 411 940 quae
425 855 566 940 pluribus
580 854 658 916 locis
671 852 825 934 praedata,
842 872 989 935 magnum
1004 861 1035 912 et
1048 849 1146 912 incer·

206 971 272 1022 tum
286 969 432 1020 terrorem
446 954 571 1031 faceret,
588 953 730 1034 expedito
745 953 891 1028 exercitu,
907 952 958 1014 cui
974 972 1013 1014 er
1026 949 1146 1014 Britan·

204 1061 253 1124 nis
268 1056 451 1120 fortissimos
473 1068 505 1119 et
524 1055 617 1139 longa
636 1075 714 1136 pace
736 1053 906 1134 exploratos
927 1050 1092 1127 addiderat,
1109 1049 1147 1112 ad

206 1169 342 1221 montem
365 1156 548 1238 Grampium
569 1156 716 1238 pervenit,
738 1176 832 1238 quern
853 1154 918 1238 jam
940 1150 1036 1216 hostis
1067 1152 1134 1214 inse

205 1260 302 1325 derat.
367 1256 453 1324 Nam
488 1258 636 1334 Britanni,
665 1257 742 1322 nihil
768 1255 855 1320 fracti
889 1277 1012 1340 pugnae
1040 1253 1148 1336 prioris

207 1373 329 1438 eventu,
353 1374 384 1425 et
405 1361 554 1424 ultionem
579 1371 633 1422 aut
659 1360 817 1422 servitium
839 1371 1062 1439 exspectantes
1085 1368 1149 1419 tan·

207 1462 340 1546 demque
355 1462 437 1525 docti
462 1482 626 1524 commune
648 1459 822 1544 periculum
843 1459 1006 1522 concordia
1026 1457 1150 1540 propul-

208 1562 349 1638 sandum,
364 1561 569 1646 legationibus
592 1574 623 1625 et
636 1559 813 1624 foederibus
836 1561 973 1623 omnium
993 1560 1151 1621 civitatum
1244 1645 1246 1648 Ι

208 1665 289 1726 vires
313 1663 496 1727 exciverant.
540 1661 672 1746 Jamque
695 1682 788 1743 snper
802 1660 924 1745 triginta
943 1659 1040 1723 millia
1054 1680 1152 1721 arma-

208 1778 310 1830 torum
332 1761 565 1846 aspiciebantur,
583 1777 614 1828 et
635 1763 735 1827 adhuc
758 1761 905 1826 affluebat
926 1761 1025 1825 omnis
1043 1760 1153 1844 juven·

155 1887 158 1894 ’
208 1880 259 1931 tus
276 1867 434 1952 atquibus
456 1866 551 1929 cruda
572 1887 609 1929 ac
630 1865 735 1929 viridis
759 1876 913 1940 senectus,
930 1864 1004 1928 clari
1026 1863 1108 1926 bello
1123 1875 1153 1925 et

210 1991 267 2033 sua
281 1969 414 2054 quisque
428 1968 540 2032 decora
553 1979 729 2052 gestantes:
753 1987 827 2030 cum
846 1967 925 2029 inter
938 1965 1042 2047 plures
1057 1963 1154 2028 duces

209 2073 320 2136 virtute
348 2084 379 2135 et
400 2092 513 2156 genere
541 2082 711 2154 praestans,
734 2069 858 2132 nomine
883 2067 1049 2151 Calgacus,
1073 2065 1151 2147 apud

211 2186 398 2236 contractam
432 2170 662 2234 multitudinem
703 2169 855 2250 proelium
893 2180 1083 2247 poscentem,
1121 2168 1152 2230 in

212 2273 294 2338 hunc
308 2266 437 2336 moduni
450 2270 574 2334 locutus
588 2270 703 2332 fertur:
763 2259 816 2359 χ’,
898 2280 918 2362 't
932 2293 969 2346 ,χ
979 2251 1028 2306 ³2³

254 2369 357 2432 XXX.
382 2371 565 2446 “Quotiens
588 2391 698 2434 causas
720 2356 794 2432 belli
810 2382 840 2432 et
854 2365 1072 2464 necdqsitatem
1085 2391 1142 2433 nos

212 2488 290 2539 tram
319 2475 448 2550 intueor,
477 2493 609 2556 magnus
642 2471 719 2535 mihi
748 2471 869 2536 animus
899 2483 948 2534 est
974 2470 1156 2536 hodiernum

212 2576 296 2640 diem
317 2595 566 2658 consensumque
588 2585 726 2637 vestrum
748 2573 870 2636 initium
890 2572 1038 2636 libertatis
1061 2576 1155 2638 totius

212 2677 387 2743 Britanniae
409 2677 485 2740 fore.
528 2675 613 2739 Nam
628 2687 659 2738 et
672 2675 805 2738 universi
828 2675 982 2738 servitutis
1005 2689 1155 2757 expertes,

212 2793 244 2844 et
265 2781 367 2845 nullae
389 2780 468 2844 ultra
489 2791 596 2856 terrae,
620 2800 657 2842 ac
678 2800 717 2841 ne
739 2799 823 2842 mare
847 2777 974 2862 quidem
1000 2799 1154 2855 securum,

213 2883 391 2945 imminente
404 2881 494 2944 nobis
516 2881 616 2944 classe
639 2880 803 2944 Romana:
827 2880 870 2943 ita
890 2879 1042 2961 proelium
1064 2893 1155 2964 atque

214 3003 308 3059 arma,
339 3002 418 3064 quae
447 2982 576 3044 sortibus
605 2967 743 3058 honesta,
773 2981 882 3044 eadem
910 2983 1003 3044 ctiam
1038 2981 1156 3066 ignavis

137 3137 143 3151 .
214 3085 368 3148 tutissima
400 3093 481 3146 sunt.
537 3081 661 3146 Priores
697 3104 831 3166 pugnae,
859 3084 972 3167 quibus
997 3080 1156 3147 ‘adversus

215 3185 374 3252 Romanos
388 3185 473 3249 raria
486 3184 608 3252 fortuna
633 3195 783 3246 certatum
809 3199 865 3260 est,
882 3206 971 3265 spcrn
997 3206 1033 3248 ac
1057 3186 1157 3248 subsi-

215 3288 301 3352 dium
322 3289 355 3352 in
380 3287 491 3350 nostris
513 3283 657 3350 manibus
682 3283 856 3348 habebant:
880 3287 952 3370 quia
975 3287 1156 3350 nobilissimi

217 3390 309 3452 totiu's
324 3388 499 3452 Britanniae
522 3407 621 3469 coque
644 3387 676 3448 in
697 3385 773 3466 ipsis
795 3387 1001 3467 penetralibus
1024 3389 1084 3464 siti,
1100 3409 1157 3450 nec

217 3490 414 3552 servientium
435 3489 537 3552 littora
559 3487 754 3568 aspicientes,
771 3487 877 3550 oculos
901 3509 1024 3571 quoque
1047 3511 1064 3550 a
1086 3509 1144 3550 con

218 3709 287 3756 rum
316 3713 352 3755 ac
380 3685 526 3754 libertatis
553 3702 715 3766 extremos
738 3712 882 3754 recessus
913 3691 978 3770 ipse
1007 3710 1043 3752 ac
1073 3691 1157 3753 sinus

218 3793 318 3860 lamae
345 3795 374 3857 in
404 3793 486 3855 hunc
510 3792 775 3856 dietn‘tefendit·
806 3813 888 3854 nunc
903 3791 1065 3860 ,terminus
1091 3790 1156 3856 Bri·
