2772 4322
217 330 259 388 52
544 343 573 387 c.
598 343 693 387 corn.
718 343 828 387 racrrr

217 493 299 578 quod
327 493 448 556 initium
477 505 622 556 venturae
651 515 723 556 mox
751 492 889 557 furtunae
918 491 995 557 fuit:
1026 492 1160 559 domitas

217 607 340 678 gentes¹
350 595 431 676 capti
445 609 546 678 reges,
562 606 593 658 et
607 607 792 659 monstratus
807 595 878 659 fatis
896 594 1117 677 Vespasianus.

259 695 350 760 XIV.
382 695 599 760 Consularium
627 698 744 778 primus
774 697 875 760 Aulus
904 696 1046 761 Plautius
1073 717 1160 779 prae·

218 799 346 879 positus,
369 819 406 861 ac
429 798 559 861 subinde
586 797 728 862 Ostorius
755 799 898 880 Scapula,
926 811 1055 882 uterque
1079 797 1162 861 bello

218 901 382 984 egregius:
406 899 590 984 redactaque
613 900 761 982 paulatim
783 900 965 964 informem
988 899 1162 989 provinciae

220 1002 356 1083 proxima
377 1023 447 1083 pars
468 1000 664 1065 Britanniae:
689 1002 791 1065 addita
812 1003 938 1084 insuper
951 1013 1163 1066 veteranorum

219 1104 357 1168 colonia:
382 1103 535 1187 quaedam
557 1103 696 1180 civitates
714 1103 878 1187 Cogiduno
899 1106 965 1188 regi
979 1104 1109 1167 donatae
1122 1103 1163 1184 (is

222 1206 258 1269 ad
285 1219 421 1269 nostram
451 1226 550 1287 usque
579 1205 760 1268 memoriam
784 1205 954 1268 fidissimus
983 1203 1109 1284 mansit)
1131 1216 1164 1266 ut

222 1320 322 1370 vetere
351 1329 389 1369 ac
413 1306 479 1390 J'am
507 1305 626 1387 pridem
653 1320 778 1388 recepta
804 1306 909 1392 populi
937 1306 1071 1371 Romani
1093 1327 1164 1369 con-

220 1408 394 1483 suetudine,
424 1407 551 1470 haberet
587 1409 789 1471 instrumenta
821 1409 976 1472 servitutis
1006 1421 1037 1471 et
1063 1429 1164 1491 reges.
1209 1433 1210 1438 ¹

220 1511 297 1574 Mox
311 1510 424 1574 Didius
441 1509 551 1574 Gallus
574 1531 660 1594 parta
674 1537 692 1572 a
706 1510 858 1596 pleribus
884 1512 1041 1587 continuit,
1057 1511 1165 1593 paucis

220 1612 386 1676 admodum
415 1612 551 1676 castellis
580 1613 612 1675 in
640 1613 784 1675 ulteriora
817 1614 974 1694 promotis
1003 1633 1059 1695 per
1086 1633 1166 1696 quae

221 1715 303 1777 lama
331 1717 421 1778 ‘aucti
453 1714 551 1777 'officii
588 1726 795 1796 quaereretur.
847 1714 977 1777 Didium
1013 1712 1165 1777 Veranius

220 1817 350 1896 excepit,
381 1817 469 1898 isque
501 1816 585 1877 ‘intra
620 1836 734 1878 annum
771 1816 939 1878 exstinctus
975 1828 1033 1877 est.
1088 1815 1166 1877 Sue·

221 1917 322 1990 tonius
352 1915 423 1978 hinc
445 1913 603 1978 Paullinus
633 1916 756 1979 biennio
784 1938 946 2000 prosperas
975 1939 1025 1979 res
1049 1915 1165 1992 habuit,
1250 1960 1254 1970 .

222 2019 358 2081 subactis
387 2018 563 2081 nationibus
586 2019 791 2102 ,firmatisque
812 2017 996 2099 praesidiis:
1016 2033 1166 2103 'quorum

223 2120 336 2184 fiducia
352 2119 480 2184 Monam
501 2120 644 2198 insulam,
661 2133 696 2184 ut
709 2122 791 2184 vires
812 2119 979 2184 rebellibus
994 2122 1166 2185 ministran-

222 2235 294 2299 tem,
311 2245 487 2308 aggressus
502 2235 591 2308 terga
605 2224 761 2287 occasioni
777 2222 933 2305 patefecit.

264 2325 337 2390 XV.
362 2325 508 2410 Namque
524 2327 663 2391 absentia
677 2327 769 2410 legati
786 2339 906 2406 remoto
917 2340 1012 2404 metu,
1030 2325 1167 2390 Britanm

221 2431 336 2512 agitare
358 2429 437 2490 inter
460 2449 493 2490 sc
522 2429 605 2490 mala
633 2430 798 2504 servitutis,
822 2423 959 2492 conferre
988 2429 1114 2514 injurias
1126 2441 1168 2491 et

221 2527 445 2609 interpretando
466 2527 653 2589 accendere:
676 2527 752 2590 nihil
766 2529 873 2611 profici
887 2530 1043 2609 patientia,
1058 2530 1119 2592 nisi
1133 2540 1167 2591 ut

221 2631 369 2716 graviora,
386 2642 531 2713 tanquam
556 2650 595 2692 ex
615 2627 699 2691 facili
723 2629 932 2704 tolerantibus,
956 2631 1165 2714 imperentur:

222 2733 360 2818 singulos
376 2732 435 2796 sibi
449 2731 523 2794 olim
545 2752 634 2814 reges
649 2731 757 2806 fuisse,
773 2751 856 2793 nunc
878 2731 966 2792 binos
990 2731 1124 2813 imponi:
1149 2754 1166 2795 e

221 2837 334 2919 quibus
370 2834 490 2918 legatus
527 2834 560 2896 in
596 2833 786 2915 sanguinem,
816 2835 1060 2920 procuratorio
1087 2835 1166 2897 bona

222 2938 364 2999 saeviret.
423 2935 534 3017 Aeque
565 2932 751 2998 discordiam
785 2925 1037 3016 praepositorum,
1068 2951 1168 3020 aeque

223 3037 427 3113 concordiam,
444 3035 591 3120 subjectis
614 3036 793 3100 exitiosam:
818 3037 943 3101 alterius
965 3059 1075 3100 manus
1095 3061 1167 3101 cen·

223 3139 369 3214 turiones
386 3137 511 3200 alterins
535 3160 639 3202 servos
661 3140 725 3202 vim
747 3151 778 3202 et
800 3138 1002 3202 contumelias
1025 3140 1166 3203 miscere.
1192 3187 1195 3194 .

226 3239 311 3305 Nihil
344 3240 409 3324 jam
444 3239 612 3322 cupiditati,
646 3241 721 3305 nihil
755 3241 874 3304 libidini
910 3252 1098 3322 exceptum:
1135 3241 1167 3304 in

224 3343 338 3424 proelio
363 3340 519 3404 fortiorem
541 3364 621 3419 esse,
646 3344 698 3426 qui
725 3343 853 3424 spoliet:
883 3363 965 3405 nunc
987 3342 1026 3406 ab
1048 3343 1167 3426 ignavis

223 3445 405 3531 plerumque
421 3457 452 3507 et
465 3444 642 3508 imbellibus
665 3446 740 3526 eripi
754 3445 873 3522 domos,
890 3445 1024 3509 abstrahi
1044 3421 1166 3524 libelos,

226 3547 341 3631 injungi
368 3545 518 3624 delectus
547 3559 695 3630 tanquam
730 3547 807 3623 mori
835 3559 953 3610 tantum
981 3569 1037 3629 pro
1072 3550 1165 3630 patria

226 3771 295 3813 sese
322 3749 459 3814 Britanni
488 3749 674 3816 numeranti
704 3752 749 3814 sic
780 3749 963 3814 Germanias
993 3752 1165 3814 excussisse

143 3627 454 3938 anoemibus:
478 3648 660 3733 quantulum
690 3649 772 3712 enim
800 3649 946 3712 transisse
971 3649 1114 3726 militum,
1142 3651 1167 3713 si

79 3958 146 3968 ⁴-
