2772 4322
595 342 636 384 oo
660 342 840 386 Genusum.
1148 327 1187 384 23

248 478 293 544 rel
315 482 493 566 propinquis
516 483 584 568 ejus
613 482 788 546 exsolvitur.
831 479 1000 566 Eliguntur
1020 481 1053 545 in
1075 482 1184 546 iisdem

245 584 383 647 conciliis
413 597 444 646 et
471 585 636 668 principes,
662 586 715 667 qui
740 583 809 668 jura
831 605 886 665 per
918 604 1015 667 pagos
1037 584 1184 668 vicosque

246 685 384 749 reddunt.
440 687 571 750 Centeni
601 686 730 770 singulis
760 707 799 748 ex
825 666 1083 1006 plebZssjmites,
1112 684 1207 752 con(

244 785 347 848 silium
363 787 455 850 simul
470 798 501 850 et
515 788 689 863 auotoritas,
706 787 826 850 adsunt.

238 892 257 919 ⁹
285 883 378 948 XIII.
402 885 490 950 Nihil
511 900 615 950 autem
640 909 741 970 neque
763 887 886 969 publica
949 909 1027 971 eque
1048 889 1182 968 privatae

245 988 297 1063 rci,
320 989 379 1051 nisi
408 990 516 1052 armati
540 1001 645 1072 agunt.
691 988 754 1051 Sed
776 1010 861 1052 arma
889 1009 1010 1053 sumere
1032 1003 1182 1053 nonanto

243 1091 389 1173 cuiquam
410 1092 513 1167 moris,
533 1112 627 1175 quam
648 1091 756 1154 civitas
779 1090 981 1161 suffecturum
1002 1091 1181 1173 probaverit.

243 1190 329 1256 Tum
343 1193 374 1254 in
388 1178 456 1274 ipso
478 1193 682 1268 conciliare]
702 1193 876 1274 principum
898 1192 1009 1277 aliquis
1023 1189 1077 1256 vel
1096 1201 1181 1275 pater

179 1313 186 1326 ‘
243 1292 290 1356 vel
326 1296 514 1377 propinquus
552 1307 639 1358 scuto
668 1293 844 1378 frameaque
877 1295 1024 1379 juvenem
1055 1308 1180 1381 ornant:

233 1394 318 1468 ¹baec
346 1395 429 1476 apud
456 1395 525 1458 illos
553 1408 633 1479 toga,
663 1395 725 1458 hic'
741 1397 860 1477 primus
890 1397 1034 1480 juventae
1062 1395 1179 1460 honos:

242 1508 311 1558 ante
347 1496 406 1558 hoc
439 1496 550 1560 domus
585 1517 657 1580 pars
692 1496 842 1572 videntur,
878 1519 950 1560 mox
984 1497 1180 1578 reipublicae.

243 1596 376 1681 Insignis
399 1596 550 1673 nobilitas,
574 1609 627 1660 aut
648 1617 761 1680 magna
782 1609 904 1678 patrum
929 1599 1047 1673 merita,
1071 1595 1180 1679 priuci-

240 1699 288 1780 pis
331 1699 538 1782 dignationem
582 1699 674 1762 etiam
719 1696 956 1763 adolescentulis
999 1701 1181 1790 assignantt

240 1802 350 1864 ceteris
379 1799 600 1864 robustioribus
629 1822 666 1863 ao
699 1800 882 1884 jampridem
910 1801 1044 1883 probatis
1074 1823 1177 1886 aggre·

239 1915 369 1986 gantur;
407 1923 466 1964 nec
501 1902 603 1979 rubor,
633 1903 711 1966 inter
729 1903 867 1965 comites
904 1904 1012 1984 aspici.
1057 1901 1179 1966 Gradus
1252 1953 1257 1960 .

240 2005 420 2085 quinetiam
436 2004 547 2084 etipse
570 2005 733 2066 comitatus
752 2002 844 2066 habet
861 2003 978 2087 judicio
994 2003 1070 2088 ejus,
1087 2026 1180 2088 quem

240 2117 412 2168 sectantur:
442 2126 615 2188 magnaque
639 2117 669 2168 et
698 2107 847 2167 comitum
870 2105 1044 2181 aemulati0,
1067 2107 1180 2189 quibus

239 2207 355 2284 primus
371 2204 453 2286 apud
474 2205 644 2285 principem
659 2225 752 2266 suum
773 2204 870 2276 locus,
885 2216 916 2266 et
930 2205 1113 2288 principum,
1129 2189 1180 2269 cur

239 2306 362 2387 plurimi
378 2317 409 2368 et
423 2305 563 2368 acerrimi
578 2305 717 2367 comites.
753 2303 845 2369 Haec
859 2305 1000 2388 dignitas,
1016 2299 1074 2368 hae
1088 2308 1179 2382 vires,

241 2428 353 2492 magno
374 2429 495 2488 semper
517 2407 684 2469 electorum
703 2406 852 2490 juvenum
874 2407 966 2492 globo
984 2407 1179 2485 circumdari,

240 2512 271 2574 in
292 2532 368 2592 pace
390 2510 497 2585 decus,
518 2511 555 2572 'in
580 2508 662 2572 bello
687 2509 885 2590 praesidium.
930 2509 1000 2574 Nec
1026 2510 1127 2575 solum
1149 2513 1179 2576 in

240 2634 296 2675 sua
311 2611 407 2695 ‘gente
430 2613 553 2694 cuique,
569 2611 623 2675 scd
639 2610 721 2694 apud
735 2611 880 2673 finitimas
896 2631 1019 2694 quoquo
1042 2612 1179 2675 civitates

173 2779 178 2787 ,
240 2714 270 2777 id
284 2735 406 2790 nomen,
422 2735 459 2776 ea
473 2713 569 2797 gloria
584 2725 641 2788 est,
656 2713 682 2774 si
696 2733 824 2774 numero
839 2733 876 2773 ac
891 2713 1001 2774 virtute
1017 2714 1179 2776 comitatus

177 2833 180 2841 ’
201 2877 203 2885 ,
222 2817 390 2878 emineat:
415 2827 597 2895 expetuntur
619 2815 702 2876 enim
723 2813 927 2896 legationibus
950 2824 982 2875 et
1001 2814 1178 2878 muneribus
1247 2886 1252 2891 .

148 2897 167 2965 i>
240 2928 382 2978 ornantur
397 2928 428 2979 et
442 2917 509 2996 ipse
522 2914 704 3000 plerumque
719 2913 802 2977 lama
816 2915 898 2977 bella
911 2914 1083 2999 profligant.

280 3016 370 3080 XIV.
395 3017 479 3080 Cum
496 3029 623 3079 ventum
637 3017 669 3078 in
683 3017 793 3092 aciem,
809 3009 905 3097 turpe*
918 3017 1047 3098 principi
1068 3018 1179 3082 virtute

238 3120 328 3197 vinci,
351 3131 441 3201 turpe
470 3119 638 3194 comitatui,
660 3119 803 3181 virtutem
832 3119 979 3202 principis
1008 3140 1069 3182 non
1090 3120 1179 3183 adoe-

238 3243 342 3306 quare.
386 3219 459 3284 Jam
486 3241 559 3283 vero
586 3219 699 3284 infame
727 3221 760 3282 in
789 3241 913 3283 omnem
937 3221 1032 3284 vitam
1054 3243 1091 3284 ac
1112 3244 1180 3303 pro-

239 3325 372 3400 brosum,
397 3324 594 3408 superstitem
619 3321 750 3406 principi
773 3343 829 3384 suo
852 3343 891 3385 ex
912 3323 978 3384 acie
1000 3325 1179 3386 recessisse.

239 3423 331 3487 Illum
349 3424 522 3501 defendere,
538 3425 628 3499 tueri,
645 3444 703 3485 sua
723 3444 846 3506 quoque
860 3423 950 3487 fortia
964 3422 1045 3486 facta
1065 3424 1180 3507 gloriae

237 3523 306 3608 ejus
328 3526 494 3608 assignare,
515 3526 719 3610 praecipuum
741 3539 967 3589 sacramentum
990 3537 1047 3588 est.
1091 3522 1180 3588 Prin·

237 3626 323 3707 cipes
344 3647 399 3707 pro
413 3626 540 3689 victoria
559 3638 716 3710 pugnant;
739 3627 870 3689 comites
882 3648 937 3708 pro
951 3626 1099 3708 principe.
1144 3623 1178 3690 si
1235 3625 1239 3630 ’

237 3729 354 3806 civitas,
371 3728 403 3791 iu
425 3749 487 3811 qua
512 3729 568 3792 orti
594 3739 673 3804 sunt,
689 3727 781 3810 longa
804 3748 881 3808 pace
908 3739 939 3790 ot
965 3727 1025 3790 otio
1051 3737 1169 3809 torpent
