2770 4324
567 380 735 424 remcort.
1083 363 1121 424 ot

152 516 154 520 ⁸
187 540 267 611 gata.
311 527 338 590 Ii
365 539 444 605 sunt,
465 512 544 612 ¹quos
573 528 710 609 proximo
738 549 826 604 anno,
851 549 943 590 unam
972 526 1120 610 legionem

187 628 386 716 furtonoctis
408 649 581 712 aggressos,
597 628 730 692 clamore
744 628 941 692 debellastis:
965 627 986 691 ii
1008 639 1122 690 cetero·

187 751 254 792 rum
269 728 483 794 Britannorum
504 723 708 813 fugacissimi,
724 729 854 813 ideoque
870 728 1000 793 tamdiu
1019 723 1122 810 stiper-

188 831 284 893 stites.
350 829 514 903 Quomodo
556 830 648 892 silvas
693 830 850 914 saltusque
896 830 1123 914 penetrantibus

187 929 388 993 fortissimum
410 930 553 1013 quodque
582 929 694 992 animal
715 942 939 1004 contremere,
962 929 1072 1011 pavida
1094 941 1122 992 et

186 1030 294 1094 inertia
328 1031 396 1116 ipso
432 1030 563 1114 agminis
600 1051 675 1093 sono
708 1029 872 1111 pelluntur,
907 1031 953 1092 sic
985 1031 1121 1094 acerrimi

187 1129 403 1196 Britannorum
433 1119 499 1215 J‘am
526 1131 645 1214 pridem
672 1132 874 1206 ceciderunt:
910 1131 1048 1217 reliquus
1077 1143 1122 1196 est

186 1253 334 1296 numerus
355 1233 535 1318 ignavorum
557 1245 588 1298 et
608 1235 834 1310 metuentium,
857 1255 935 1317 quos
956 1232 1040 1316 quod
1059 1244 1123 1296 tan-

186 1331 255 1396 dem
279 1334 448 1410 invenisne,
464 1356 523 1397 non
545 1336 728 1411 restiterunt,
752 1333 807 1398 sed
827 1333 1010 1420 deprehensi
1032 1345 1122 1398 sunt.-

128 1513 133 1518 μ
186 1435 370 1498 novissimae
405 1456 454 1498 res
484 1447 515 1497 et
542 1447 677 1497 extremo
713 1446 798 1498 metu
833 1457 958 1515 corpora
991 1434 1122 1498 defixere

187 1534 286 1596 aciem
307 1535 339 1597 in
360 1534 408 1597 his
437 1535 586 1618 vestigiis,
610 1535 641 1596 in
663 1535 774 1617 quibus
803 1534 962 1615 pulchram
984 1546 1014 1597 et
1036 1555 1124 1616 spec·

187 1634 311 1698 tabilem
332 1635 492 1698 victoriam
520 1635 662 1699 ederetis.
706 1634 881 1719 Transigite
907 1655 979 1698 cum
1002 1635 1122 1716 expedi-

187 1735 339 1798 tionibus:
363 1736 516 1818 imponite
523 1737 742 1820 quinquaginta
756 1737 842 1800 annis
856 1757 1004 1820 magnum
1018 1735 1121 1800 diem:

186 1837 351 1922 approbate
384 1836 570 1918 reipublicae
606 1858 762 1920 nunquam
798 1837 945 1901 exercitui
981 1837 1121 1918 imputari

186 1939 322 2020 potuisse
337 1951 390 2002 aut
404 1959 504 2002 moras
518 1938 592 2002 belli
607 1951 660 2002 aut
673 1960 784 2005 causas
798 1938 996 2002 rebellandi.’'

226 2036 357 2104 XXXV.
387 2039 430 2104 Et
463 2038 636 2123 alloquente
670 2040 770 2104 adhuc
803 2040 957 2124 Agricola,
990 2041 1123 2106 militum

186 2141 273 2205 ardor
302 2142 464 2218 eminebat,
495 2154 526 2204 et
553 2142 648 2204 finem
677 2142 819 2203 orationis
847 2142 955 2224 ingens
984 2141 1123 2204 alacritas

187 2254 352 2306 consecuta
366 2254 422 2318 est,
439 2243 602 2324 statimque
617 2241 656 2303 ad
670 2261 755 2303 arma
768 2240 952 2316 discursum.
996 2240 1124 2303 Instinc-

187 2356 234 2406 tos
255 2354 442 2425 ruentesque
464 2343 505 2404 ita
522 2341 682 2421 disposuit,
697 2353 733 2403 ut
746 2339 886 2425 peditum
907 2341 1029 2416 auxilia,
1045 2361 1124 2424 quae

187 2454 256 2506 octo
285 2441 381 2505 millia
402 2453 494 2518 erant,
518 2441 652 2505 mediam
674 2442 773 2518 aciem
793 2441 956 2517 firmarent,
987 2443 1125 2525 equitum

187 2545 244 2608 tria
264 2542 360 2607 millia
381 2541 523 2606 comibus
545 2542 791 2618 effunderentur:
815 2543 952 2626 legiones
973 2543 1125 2625 provallo

182 2645 308 2718 stetere,
331 2645 438 2728 ingens
463 2645 607 2708 victoriae
630 2644 725 2708 decus
751 2644 827 2708 citra
851 2643 1029 2708 Romanum
1057 2666 1125 2706 san·

187 2737 312 2830 guinem
326 2747 460 2822 bellanti,
484 2760 514 2812 et
536 2746 695 2822 auxilium,
717 2747 743 2808 si
768 2745 962 2830 pellerentur.
1006 2743 1125 2811 Britan·
1218 2721 1255 2778 Τ

187 2868 295 2910 norum
310 2848 403 2923 acies,
419 2848 451 2908 in
466 2847 601 2927 speciem
617 2845 710 2910 simul
724 2867 761 2908 ac
775 2857 929 2920 terrorem,
948 2842 1124 2907 editioribus

199 2950 264 3010 ocis
287 2949 463 3010 constiterat
484 2948 535 3022 ita,
557 2958 592 3009 ut
612 2948 747 3031 primum
771 2967 881 3030 agmen
906 2966 1015 3028 aequo,
1032 2947 1125 3008 ceteri

133 3129 142 3136 j
188 3069 244 3133 per
264 3047 379 3110 acclive
401 3047 513 3131 jugum
534 3049 661 3110 connexi
684 3047 769 3111 velut
790 3049 1000 3130 insurgerent:
1024 3044 1125 3109 media

188 3150 289 3230 campi
311 3148 483 3211 covinarius
506 3157 537 3208 et
562 3167 658 3229 eques
685 3148 812 3230 strepitu
828 3168 864 3208 ac
879 3147 1020 3210 discursu
1043 3169 1125 3210 com·

188 3249 300 3332 plebat.
344 3247 430 3312 Tum
444 3247 589 3332 Agricola
607 3259 769 3328 superante
784 3246 919 3311 hostium
933 3248 1125 3312 multitudine

188 3335 312 3426 veritus,
328 3371 367 3412 ne
390 3348 483 3413 simul
504 3350 537 3411 in
557 3347 696 3423 frontem,
713 3348 804 3411 simul
827 3360 857 3412 et
882 3349 976 3412 latera
997 3371 1125 3428 ,suorum

188 3463 383 3532 pugnaretur,
406 3450 539 3514 diductis
569 3447 733 3526 ordinibus
760 3471 936 3536 quanquam
962 3451 1125 3532 porrectior

132 3563 136 3571 ’
189 3552 271 3614 acies
299 3549 402 3616 sutura
432 3563 496 3614 erat
524 3562 556 3614 et
582 3551 780 3614 arcessendas
815 3552 952 3635 plerique
989 3550 1124 3632 legiones

189 3650 400 3729 admonebant,
421 3653 587 3734 promptior
614 3653 647 3716 in
675 3671 763 3735 spem
791 3665 821 3716 et
843 3653 949 3720 finnus
979 3648 1125 3730 adversis,

190 3753 315 3818 dimisso
330 3775 410 3838 equo
424 3753 518 3835 pedes
532 3766 600 3825 ante
616 3753 726 3823 vexilla
741 3755 875 3822 constitit
