2772 4322
558 355 598 397 on
624 345 884 430 oeunrnurq'f
1112 345 1153 402 ‘25

215 501 294 584 ignis
309 499 527 576 remedium,
503 521 567 562 sive
584 512 736 566 inscitiae
810 497 898 562 caudi
946 495 997 560 Ne
1012 517 1152 560 caemen-

215 615 314 665 torum
329 601 455 715 quidem
469 601 574 683 apud
549 432 909 766 idoffbigfluimum
905 619 1003 664 usus:
1027 599 1154 665 materia

215 703 253 767 ad
275 704 378 768 omnia
400 715 525 768 utuntur
546 704 610 768 infe
685 715 716 766 et
729 716 805 767 citra
826 723 964 788 speciem
984 712 1038 765 aut
1052 683 1153 764 deleo

215 807 370 895 tationem
414 804 577 880 Quaedam
599 805 668 869 loca
682 805 859 890 diligentius
881 804 1012 868 illinunt
1018 816 1098 866 terra
1112 803 1154 866 ita

213 929 290 988 pura
304 929 341 970 ac
356 907 545 988 splendente,
558 918 593 969 ut
603 907 754 988 picturam
768 928 805 969 ac
819 906 1003 970 lineamenta
1017 904 1154 968 colorum

214 1009 360 1073 imitetur.
405 1007 513 1071 Solent
527 1019 558 1070 et
573 1008 786 1070 subterraneos
809 1027 922 1088 specus
944 1006 1071 1087 aperire,
1087 1025 1153 1068 eos·

215 1131 275 1195 que
308 1109 406 1173 multo
439 1110 565 1193 insuper
593 1109 667 1172 fimo
696 1122 830 1185 onerant,
861 1108 1032 1191 suffugium
1060 1105 1153 1168 hierni

216 1224 246 1274 et
273 1211 502 1292 receptaculum
531 1210 697 1296 frugibus:
729 1211 807 1294 quia
841 1211 975 1294 rigorem
1007 1207 1155 1292 frigorum

216 1313 366 1400 ejusmodi
387 1304 465 1376 locis
480 1312 639 1376 molliunt:
663 1324 703 1388 ct,
721 1311 882 1395 siquando
904 1311 1000 1374 bostis
1023 1310 1154 1385 advenit,
1188 1308 1209 1322 “’
1307 1297 1312 1305 ’

216 1426 320 1498 aperta
341 1413 512 1495 populatur,
535 1413 638 1476 abdita
666 1425 770 1476 autem
792 1424 823 1475 et
844 1413 968 1478 defossa
995 1425 1048 1476 aut
1071 1413 1203 1519 ignom

217 1527 329 1590 rantur,
346 1526 400 1576 aut
413 1535 450 1575 eo
465 1514 532 1594 ipso
546 1512 664 1589 fallunt,
680 1512 764 1597 quod
778 1514 951 1597 quaerenda
966 1525 1047 1576 sunt
1118 1580 1121 1588 Ι
1139 1545 1142 1553 =
1171 1515 1176 1523 '

246 1613 367 1678 <XV1L
390 1613 555 1698 Tegumen
583 1614 726 1677 omnibus
756 1635 876 1698 sagum,
905 1615 1008 1690 fibula,
1038 1626 1102 1688 aut,
1130 1614 1189 1693 si

217 1717 307 1793 desit,
324 1717 410 1798 spine
432 1727 626 1778 consertum:
650 1727 752 1778 cetera
773 1717 878 1780 intecti
892 1728 971 1781 totos
986 1715 1083 1780 dies
1071 1727 1172 1800 Juxta
1193 1716 1198 1756 t

218 1819 321 1882 iocum
336 1831 427 1902 atquc
450 1818 554 1901 ignem
575 1829 680 1901 agunt
727 1815 977 1901 locupletissimi
991 1830 1078 1882 reste
1095 1817 1156 1880 dis·

218 1922 407 2004 tinguuntur,
428 1941 489 1983 non
516 1919 665 1995 fluitante,
687 1921 768 2000 sieut
790 1920 948 1986 Sarmatae
974 1942 1011 1986 ec
1039 1918 1156 1994 Parthi,

220 2022 274 2086 sed
300 2023 403 2086 stricta
425 2034 456 2084 et
478 2021 614 2106 singulos
637 2035 720 2084 artus
743 2024 940 2104 exprimente.
986 2021 1106 2086 Gerunt
1128 2034 1158 2085 et

220 2125 351 2187 serarum
372 2123 481 2207 pelles,
506 2124 636 2203 proximi
665 2124 749 2206 ripae
774 2124 973 2208 negligenter,
998 2123 1158 2187 ulteriores

220 2225 412 2308 exquisitius,
435 2235 469 2288 ut
491 2223 603 2306 quibus
631 2223 735 2285 nullus
763 2244 818 2302 per
839 2223 1024 2286 commercia
1045 2223 1158 2286 cultus.

220 2327 351 2409 Eligunt
364 2324 455 2400 feras,
479 2337 510 2386 et
532 2323 667 2386 detracta
683 2323 835 2386 velamina
857 2336 1004 2408 spargunt
1029 2324 1158 2387 maculis

220 2427 414 2512 pellibusque
435 2423 616 2500 belluarum,
640 2445 717 2507 quas
747 2425 876 2488 exterior
899 2424 1044 2488 Oceanus
1068 2437 1159 2539 atque

213 2528 359 2618 ignotum
379 2547 463 2590 mare
484 2526 592 2610 gignit.
636 2525 706 2589 Nec
727 2525 806 2592 alius
828 2526 951 2590 feminis
972 2548 1065 2611 quam
1086 2529 1159 2591 viris

222 2629 304 2692 habi
292 2641 352 2705 us,
374 2629 433 2691 nisi
462 2627 544 2712 quod
565 2627 697 2692 feminae
726 2629 849 2710 saepius
878 2629 967 2692 lineis
996 2630 1160 2693 amictibus

183 2812 187 2820 ‚
222 2731 367 2807 velantur,
388 2751 503 2814 eosque
524 2751 659 2814 purpure
680 2731 806 2806 variant,
828 2711 1008 2814 partemque
1030 2733 1122 2794 restit
1123 2753 1161 2794 us

223 2829 386 2912 superioris
401 2833 433 2895 in
446 2833 584 2894 manicas
598 2853 659 2894 non
680 2831 855 2908 extendunt,
871 2831 971 2894 nudae
986 2831 1111 2895 brachia
1125 2854 1162 2894 ac

95 2984 99 2992 .
165 2994 171 3012 ,
223 2933 372 2998 lacertos:
396 2931 452 2994 sed
466 2944 496 2995 et
509 2933 647 3012 proxima
660 2954 731 3014 pars
745 2933 877 3014 pectoris
892 2945 987 3015 patet.

160 3042 165 3086 ἰ
266 3031 389 3098 XVIlI.
420 3032 607 3116 Quanquam
635 3055 742 3096 severa
771 3034 834 3098 illic
862 3037 1075 3114 matrimonia3
1105 3057 1163 3100 nec

224 3136 318 3200 ullam
339 3156 461 3198 morum
488 3149 607 3216 partem
635 3137 735 3218 inagis
761 3135 953 3200 sudaveris:
976 3160 1046 3202 nam
1070 3161 1162 3221 prope

225 3238 281 3302 soli
301 3237 500 3302 barbarorum
529 3235 659 3319 siugulis
684 3238 831 3300 uxoribus
853 3241 986 3302 contenti
1009 3253 1089 3316 sunt,
1113 3262 1162 3302 er-

225 3341 321 3419 eoptis
357 3337 524 3401 admodum
558 3339 678 3418 paucis,
705 3339 758 3421 qui
786 3359 847 3401 non
875 3339 1011 3417 libidine,
1041 3341 1096 3405 sed
1126 3343 1162 3404 ob

151 3461 154 3466 ’
226 3440 422 3515 nobilitatem,
441 3439 582 3524 plurimis
604 3440 718 3521 nuptiis
741 3440 924 3505 ambiuntur.
970 3440 1084 3506 Dotem
1105 3464 1165 3504 non

228 3560 303 3602 error
337 3541 454 3615 marito,
484 3540 540 3602 sed
575 3542 662 3604 uxori
696 3541 824 3604 maritus
861 3543 959 3606 offert.
1011 3543 1167 3607 intersunt

228 3651 368 3728 parentes
394 3651 425 3701 et
451 3642 622 3724 propinqui,
646 3663 682 3704 ac
711 3663 839 3706 munera
863 3645 1010 3724 probant:
1040 3663 1168 3710 munera

228 3763 289 3806 non
310 3740 349 3803 ad
369 3739 497 3802 delicias
518 3742 684 3806 muliebres
707 3744 855 3826 quaesita,
879 3765 936 3806 neo
956 3743 1068 3827 quibus
1090 3764 1168 3812 nove
