2770 4324
276 389 317 448 66
605 407 635 448 c.
658 405 754 448 coare.
777 403 887 448 rscrrr

316 545 459 612 XXXll.
482 553 530 615 Ac
558 551 656 634 primo
684 573 852 637 congressu
874 553 994 616 eminus
1016 553 1188 618 certabatur

275 651 366 728 simul
381 655 559 730 constantia,
576 653 667 717 simul
682 665 745 717 arte
761 653 896 718 Britanni
912 655 1086 739 ingentibus
1100 655 1207 740 gladiis

275 761 305 815 ct
318 751 463 816 brevibus
485 755 577 818 cetris
599 754 727 819 missilia
751 767 924 819 nostrorum
937 757 1032 819 vitare
1046 757 1097 820 vel
1118 778 1208 819 excu-

274 865 348 929 tere,
371 865 462 938 atque
484 854 543 936 ipsi
556 867 709 938 *magnam
729 855 794 918 vim
818 855 949 920 telorum
971 855 1208 937 superfundere:

274 951 371 1018 donec
415 952 568 1040 Agrieola
615 953 808 1019 Batavorum
846 955 986 1020 cohortes
1007 978 1050 1022 ao
1068 957 1213 1040 Tungro«

272 1077 342 1120 rum
370 1055 447 1120 duas
476 1055 650 1120 cohortatus
678 1069 735 1134 est,
757 1069 793 1121 ut
821 1078 887 1121 rem
915 1057 954 1121 ad
981 1079 1143 1122 mucrones
1172 1079 1208 1119 ac

273 1179 382 1222 manus
411 1157 615 1222 adducerent:
639 1158 722 1240 quod
749 1169 781 1220 et
807 1159 882 1239 ipsis
903 1171 1055 1222 vetustate
1083 1159 1208 1222 militiae

274 1261 482 1334 exercitatum,
499 1270 529 1321 et
544 1257 684 1321 hostibus
706 1257 838 1322 inhabile
862 1279 956 1339 parva
977 1272 1064 1322 scuta
1078 1272 1109 1321 et
1123 1280 1209 1321 enor-

273 1378 340 1422 mes
354 1357 472 1442 gladios
493 1359 689 1442 gerentibus:
713 1379 785 1421 nam
806 1356 1020 1422 Britannorum
1034 1359 1127 1442 gladii
1142 1360 1208 1421 sine

273 1479 418 1524 mucrone
441 1460 636 1541 complexum
661 1481 814 1523 armorum
836 1473 866 1523 et
890 1461 922 1523 in
946 1471 1050 1541 aperto
1074 1482 1209 1543 pugnam

273 1581 333 1624 non
347 1559 524 1626 tolerabant.
569 1559 675 1645 Igitur,
691 1572 726 1624 ut
740 1560 847 1624 Batavi
870 1563 999 1624 miscere
1014 1563 1105 1637 ictae,
1120 1561 1208 1624 ferire
1237 1619 1238 1624 ,

272 1661 468 1740 umbonibus,
485 1683 536 1726 ora
557 1661 690 1739 foedare,
708 1675 738 1726 et
760 1664 860 1726 stratis
882 1663 935 1746 qui
950 1665 981 1726 in
996 1685 1094 1746 aequo
1116 1663 1208 1726 obsti·

273 1773 379 1840 terant,
396 1763 511 1848 erigere
527 1763 559 1825 in
573 1763 668 1826 colles
690 1764 789 1826 aciem
812 1783 950 1843 coepere,
967 1776 1086 1827 ceterae
1104 1763 1209 1827 cohor·

272 1874 329 1937 tes,
367 1862 569 1926 aemulatione
605 1874 636 1926 et
671 1863 786 1943 impetu
830 1864 1019 1939 commistae,
1055 1865 1208 1944 proximos

273 1983 412 2046 quosque
434 1947 584 2040 caedere}
607 1983 644 2026 ac
665 1963 801 2047 plerique
825 1964 996 2026 semineces
1019 1977 1072 2028 aut
1100 1965 1209 2048 integri

273 2063 464 2128 festinatione
492 2064 636 2127 victoriae
668 2063 925 2148 relinquebantur.
969 2063 1095 2129 Interim
1123 2067 1208 2148 equi·

273 2177 337 2230 tum
374 2177 492 2230 turmae
521 2163 637 2250 lugere,
671 2167 815 2229 covinarii
850 2165 989 2251 peditum
1025 2187 1058 2230 se
1094 2166 1209 2251 proelio

272 2268 448 2332 miscuere:
486 2277 525 2344 et,
555 2287 730 2352 quanquam
761 2280 914 2332 recentem
951 2279 1095 2332 terrorem
1130 2269 1196 2331 intu

273 2367 377 2445 lerant,
394 2369 497 2432 densis
518 2380 622 2432 tamen
643 2369 778 2433 hostium
800 2369 973 2453 agminibus
997 2381 1027 2433 et
1044 2369 1209 2453 inaequali·

272 2467 331 2530 bus
354 2467 430 2530 locis
453 2467 633 2531 haerebant:
658 2470 844 2551 minimeque
867 2470 1017 2552 equestris
1033 2491 1070 2532 ea
1088 2489 1208 2552 pugnae

273 2565 368 2630 iacies
383 2579 455 2644 erat,
472 2587 543 2630 cum
558 2587 648 2650 aegre
662 2565 714 2629 diu
738 2579 851 2630 stantes
868 2568 960 2631 simul
982 2588 1129 2650 equorum
1144 2590 1209 2630 cor·

272 2667 397 2749 poribus
420 2666 654 2750 impellerentur,
671 2685 706 2728 ac
729 2685 821 2746 saepe
842 2667 913 2748 vagi
935 2687 1052 2741 corrue,
1076 2669 1209 2731 exterriti

274 2769 340 2832 sina
376 2768 545 2832 rectoribus
579 2767 659 2850 equi,
689 2778 724 2828 ut
751 2786 905 2849 quemque
933 2764 1062 2828 formido
1091 2766 1209 2831 tulerat.

275 2883 463 2933 transversos
478 2880 531 2931 aut
546 2867 651 2930 obvios
666 2866 871 2930 incursabant.

315 2965 473 3030 XXXVII.
497 2966 540 3031 Et
562 2965 707 3043 Britanni,
730 2969 782 3051 qui
805 2967 906 3032 adhuc
926 2991 1047 3055 pugnae
1070 2983 1209 3052 expertes

276 3089 397 3132 summa
418 3067 543 3132 collium
572 3067 745 3132 insederant
773 3081 805 3132 et
831 3072 1017 3155 paucitatem
1038 3085 1209 3136 nostrorum

273 3169 363 3234 vacui
386 3168 577 3254 spernebant,
592 3169 718 3254 degredi
739 3171 886 3255 paulatim
901 3184 931 3235 et
945 3173 1106 3234 circumire
1125 3185 1209 3256 terga

275 3271 461 3362 uincentium
483 3283 665 3353 coeperant:
689 3271 720 3335 ni
742 3272 774 3334 id
796 3273 898 3353 ipsum
918 3271 1033 3334 veritus
1055 3272 1209 3355 Agricola,

274 3381 403 3456 quatuor
418 3371 556 3455 equitum
571 3371 645 3450 alas,
661 3371 700 3436 ad
722 3373 822 3435 subita
841 3371 914 3434 belli
928 3384 1070 3449 retentas,
1086 3374 1209 3436 venien-

274 3469 355 3536 tibus
393 3473 595 3554 opposuisset,
630 3483 803 3557 quantoque
838 3472 971 3535 ferocius
1007 3487 1208 3549 accurrerant,

276 3585 356 3637 „anto
385 3573 486 3636 acrius
514 3571 620 3660 pulsos
648 3574 681 3636 in
707 3571 815 3656 sugam
838 3571 1020 3658 disjecisset.
1063 3574 1111 3639 Ita
1139 3595 1208 3637 con-

274 3673 378 3740 silium
400 3671 614 3738 Britannorum
635 3673 667 3738 in
688 3675 772 3760 ipsos
793 3695 937 3738 versum:
960 3687 1208 3758 transvectaeque

275 3787 435 3860 praecepto
456 3773 545 3842 ducis
571 3795 589 3838 a
616 3773 713 3839 fronto
742 3777 943 3860 pugnantium
973 3775 1048 3852 alae,
1072 3796 1208 3838 aversam
