2770 4324
607 337 775 383 remcom.
1121 326 1159 384 68
1224 373 1232 386 ,

216 487 351 572 addique
370 489 496 568 insuper
516 487 700 568 opinionem,
725 486 847 568 Syriam
868 473 1056 568 provinciam
1073 488 1159 572 Agri-

221 590 305 653 colae
328 589 482 665 destinari,
504 609 636 651 vacuam
663 600 730 652 tum
758 601 855 652 morte
877 589 973 653 Atilii.
984 586 1061 651 Rufi
1089 611 1160 651 con·

220 689 329 752 sularis
348 701 380 752 et
400 688 566 773 majoribus
587 701 785 752 reservatam.
833 688 999 752 Credidere
1020 689 1159 774 plerique

220 789 362 853 libertum
397 811 437 853 ex
472 790 689 853 secretioribus
732 790 910 853 ministeriis
953 791 1085 854 missum
1120 789 1159 853 ad

218 892 396 974 Agricolam
417 890 586 968 codicillos,
602 891 715 974 quibus
738 893 767 954 ei
790 890 881 975 Syria
898 890 1034 968 dabatur,
1050 891 1158 956 tulisse

218 1014 292 1055 cum
312 1005 486 1077 praecepto,
501 1004 546 1069 ut,
563 993 589 1056 si
612 993 645 1055 in
666 991 823 1055 Britannia
843 989 931 1068 foret,
946 992 1157 1056 traderentur:

217 1114 352 1176 eumque
393 1093 538 1157 libertum
579 1095 612 1156 in
654 1094 721 1175 ipso
758 1092 836 1156 freto
874 1092 992 1157 Oceani
1035 1094 1158 1158 obvium

218 1195 390 1279 Agricolae,
419 1217 459 1259 nc
488 1195 640 1280 appellato
662 1195 788 1280 quidem
817 1216 863 1272 eo,
886 1195 926 1259 ed
947 1193 1158 1259 Domitianum

219 1317 393 1360 remeasse:
415 1299 483 1361 sive
504 1319 614 1361 rerum
635 1296 727 1374 istud,
744 1299 809 1360 sive
824 1319 864 1360 ex
876 1297 999 1381 ingenio
1012 1297 1158 1379 principis

217 1399 323 1462 fictum
343 1420 380 1461 ac
402 1399 608 1480 compositum
629 1412 687 1461 est.
731 1398 914 1462 Tradiderat
934 1401 1055 1463 interin‘r
1069 1399 1159 1484 Agri·

216 1498 284 1561 cola
320 1500 493 1562 successori
522 1521 578 1562 suo
606 1481 795 1584 provinciam
823 1501 960 1583 quietam
987 1509 1157 1583 tutamque.

216 1600 274 1676 Ac,
290 1621 329 1663 ne
343 1600 485 1664 notabilis
507 1600 682 1664 celebritate
698 1614 729 1663 et
742 1599 914 1684 frequentia
934 1603 1159 1665 occurrentium

216 1701 355 1764 introitus
392 1712 484 1777 esset,
500 1702 615 1764 ‘vitato
651 1702 821 1766 amicorum
857 1699 968 1778 officio,
998 1713 1091 1764 noctu
1127 1703 1158 1764 in

215 1803 333 1879 urbem,
357 1816 451 1867 noctu
472 1803 504 1866 in
532 1803 691 1885 palatium,
721 1805 764 1867 ita
791 1815 827 1866 ut
855 1803 1054 1888 praeceptum
1083 1817 1156 1882 erat,

215 1907 318 1968 venit:
356 1917 566 1989 exceptusque
594 1907 680 1969 brevi
709 1907 816 1969 osculo
845 1918 876 1968 et
903 1906 988 1970 nullo
1017 1927 1156 1970 sermone
1226 1961 1231 1970 .

114 2047 121 2086 :
215 2005 320 2069 turbae
344 2008 542 2072 servientium
564 2007 722 2070 immixtus
745 2019 802 2071 est.
849 2007 1007 2084 Ceterum,
1023 2020 1058 2070 ut
1078 2009 1156 2071 mili·

215 2120 277 2196 tare
298 2130 421 2184 nomen,
445 2129 537 2191 grave
558 2109 637 2170 inter
659 2105 783 2183 otiosos,
807 2108 875 2170 aliis
896 2109 1058 2171 virtutibus
1080 2121 1156 2171 tem·

129 2279 133 2290 ι
214 2220 343 2288 peraret,
372 2209 623 2292 tranquillitatem
651 2221 743 2290 atque
780 2209 877 2271 otium
904 2209 1026 2289 penitus
1062 2210 1156 2285 auxit,

215 2309 300 2372 cultu
328 2309 479 2385 modicus,
503 2329 643 2372 sermone
665 2308 775 2385 facilis,
798 2329 861 2371 uno
889 2319 942 2372 aut
967 2308 1060 2372 altero
1082 2310 1157 2372 ami-

215 2431 322 2473 corum
350 2412 535 2488 comitatus3
565 2409 643 2474 adeo
669 2423 706 2474 ut
732 2411 871 2496 plerique
893 2412 1006 2496 quibus
1028 2433 1157 2496 magnos

215 2513 295 2576 viros
308 2535 365 2595 per
378 2513 577 2576 ambitionem
598 2514 759 2576 aestimare
781 2535 850 2577 mos
865 2526 921 2590 est,
937 2514 1004 2577 viso
1019 2525 1156 2595 aspecto-

214 2635 274 2698 que
309 2615 464 2699 Agricola,
494 2628 675 2700 quaererent
701 2615 826 2692 famam,
855 2616 946 2697 pauci
981 2616 1157 2698 interpreta-

212 2729 325 2780 rentur.
948 2779 951 2787 Α
1175 2707 1185 2717 .

254 2814 339 2881 XLI.
363 2819 477 2882 Crebro
487 2841 542 2901 per
563 2841 618 2883 eos
632 2819 699 2883 dies
722 2819 804 2902 apud
818 2816 1029 2882 Domitianum
1045 2818 1156 2880 absens

145 2923 151 2943 ¹
214 2931 389 2996 accusatus,
403 2921 515 2983 absens
538 2921 697 2986 absolutus
720 2934 777 2985 est.
824 2921 929 2984 Causa
951 2919 1082 3002 periculi
1096 2942 1158 2982 non

141 3010 144 3022 ’
214 3022 331 3084 crimen
350 3021 451 3084 ullum
478 3034 532 3085 aut
553 3023 678 3106 querela
705 3023 781 3087 laesi
810 3023 1003 3107 cujusquam,
1028 3023 1083 3086 sed
1112 3024 1156 3085 in-

149 3201 152 3209 ,
214 3123 320 3186 sensus
335 3123 500 3186 virtutibus
522 3125 666 3207 princeps
688 3136 719 3186 et
740 3125 836 3207 gloria
850 3125 906 3188 viri
928 3145 966 3187 ac
984 3126 1157 3206 pessimum

214 3225 409 3288 inimicorum
437 3245 548 3309 genus,
573 3225 743 3288 laudantes.
787 3223 830 3288 Et
851 3246 889 3289 ea
916 3227 1065 3290 insecuta
1085 3237 1157 3290 sunt

214 3325 401 3406 reipublicae
423 3338 573 3418 tempora,
594 3347 673 3410 quac
697 3325 779 3389 sileri
801 3327 979 3410 Agricolam
999 3349 1061 3391 non
1077 3329 1156 3390 sine-

214 3437 302 3488 rent:
332 3438 376 3490 tot
398 3430 549 3492 exercitus
571 3429 604 3491 in
625 3426 747 3492 Moesia
768 3427 928 3513 Daciaque
943 3442 974 3493 et
990 3428 1156 3492 Germania

215 3525 445 3612 Pannoniaque,
475 3530 645 3594 temeritate
681 3543 734 3594 aut
768 3553 824 3613 per
858 3533 1012 3616 ignaviam
1040 3530 1155 3593 ducum

215 3629 342 3696 amissi:
378 3641 423 3692 tot
458 3631 604 3694 militares
633 3632 690 3696 viri
726 3654 799 3696 cum
826 3644 872 3696 tot
900 3631 1075 3695 cohortibus
1104 3651 1154 3692 ex·

216 3733 340 3817 pugnati
364 3743 395 3796 et
419 3733 519 3815 capti:
543 3755 600 3799 nec
619 3735 683 3820 jam
705 3734 743 3798 de
766 3735 863 3798 limite
886 3734 1005 3816 imperii
1027 3746 1058 3798 et
1079 3734 1144 3816 ripa
