2770 4324
564 392 721 436 roarcour
1081 373 1120 433 67

187 541 319 606 hostium
335 543 433 606 aciem
456 542 603 604 invasere.
647 539 734 608 Tum
757 559 827 602 vero
848 511 1021 620 petentibus
1044 535 1121 602 locis

187 642 299 726 grande
315 653 345 705 et
358 653 443 706 atrox
457 641 687 722 spectaculum:
712 641 810 725 sequi,
825 640 995 716 vulnerare,
1011 659 1121 721 capere

187 755 278 826 atque
300 742 435 820 eosdem,
452 742 560 806 oblatis
582 742 661 818 aliie,
676 739 839 805 trucidare.
882 739 954 804 Jam
977 740 1122 829 hostium,

186 854 276 925 prout
311 844 424 927 cuique
460 844 616 927 ingenium
654 854 727 918 erat,
764 853 904 905 catervae
940 853 1125 905 armatorum

187 943 382 1025 paucioribus
411 957 496 1026 terga
526 956 690 1025 praestare,
720 942 845 1026 quidam
877 943 1010 1005 inermes
1045 942 1125 1006 ultro

187 1066 276 1108 ruere
291 1065 328 1107 ac
343 1064 377 1106 se
391 1045 481 1107 morti
504 1043 630 1126 offerre3
673 1043 789 1126 passim
814 1054 942 1128 arma-et
956 1063 1081 1124 corpora
1096 1053 1124 1106 et

188 1144 280 1209 laceri
303 1156 386 1208 artus
414 1155 446 1207 et
474 1155 599 1207 cruenta
626 1142 759 1206 humus:
784 1155 815 1206 ct
843 1143 1006 1227 aliquando
1035 1143 1126 1222 etiarn

188 1246 277 1309 victis
306 1246 351 1308 ira
377 1246 552 1328 virtusque:
589 1257 754 1328 postquam
790 1244 874 1308 silvis
903 1244 1123 1327 appropinqua-

188 1359 267 1424 runt,
283 1346 403 1410 collecti
424 1348 539 1428 primos
561 1347 756 1429 sequentium
777 1347 915 1410 incautos
939 1358 969 1409 et
990 1345 1126 1409 locorum

189 1448 310 1531 ignaros
340 1429 628 1510 circumueniebant.
672 1446 766 1520 Quod
787 1447 818 1509 ni
840 1446 984 1528 frequens
1012 1447 1126 1528 ubique

191 1548 334 1631 Agricola
347 1546 463 1610 validas
478 1559 509 1610 et
523 1547 679 1627 expeditas
701 1545 840 1610 cohortes
862 1547 1011 1630 indaginis
1026 1545 1126 1621 mod0,

191 1660 230 1723 et,
262 1647 362 1710 sicubi
389 1648 517 1709 arctiora
548 1659 641 1722 erant,
672 1659 789 1728 partem
825 1647 964 1730 equiturn
992 1645 1126 1710 dimissis

192 1749 290 1832 equis,
308 1747 400 1812 simul
420 1748 549 1812 rariores
572 1747 665 1812 silvas
680 1750 815 1832 equitem
830 1747 999 1833 persultare
1012 1746 1126 1830 iussis-

191 1863 247 1926 set,
271 1861 432 1930 acceptum
459 1849 584 1934 aliquod
610 1850 722 1913 vulnus
750 1871 805 1930 per
832 1847 970 1913 nimiam·
981 1848 1127 1912 fiduciam
1185 1909 1202 1940 ,

192 1950 277 2014 leret.
337 1951 494 2028 Ceterum,
530 1951 584 2014 ubi
619 1953 806 2034 compositos
839 1952 936 2016 firmis
973 1950 1128 2014 ordinibus

133 2088 135 2092 .
192 2052 279 2134 sequi
300 2073 406 2116 rursus
428 2051 541 2128 videre,
565 2052 596 2114 iu
617 2051 724 2136 fugam
745 2052 837 2129 versi,
860 2074 921 2114 non
944 2051 1129 2136 agminibus,

135 2191 137 2198 ·
191 2164 226 2214 ut
253 2153 348 2236 prius,
371 2173 430 2214 nec
451 2152 530 2215 alius
559 2152 654 2215 alium
674 2163 892 2232 respectantes,
916 2154 975 2215 rari
1003 2165 1034 2214 et
1054 2153 1130 2215 vita·

191 2253 287 2315 bundi
315 2253 458 2326 invicem,
481 2251 647 2334 longinqua
668 2264 760 2332 atque
782 2251 851 2314 avia
874 2252 1000 2331 petiere.
1043 2249 1131 2313 Finis

193 2352 341 2435 sequendi
355 2373 416 2414 nox
430 2363 461 2413 et
476 2352 600 2414 satietas
613 2352 691 2415 fuit:
715 2371 807 2414 caesa
820 2349 954 2414 hostium
969 2351 1131 2415 addacem

192 2437 307 2516 millia:
331 2464 503 2516 nostrorum
517 2453 644 2516 trecenti
659 2453 817 2533 sexaginta
830 2453 989 2518 cecidere:
1016 2455 1046 2517 in
1061 2454 1130 2537 quis

179 2555 293 2618 ·Aulus
308 2555 430 2618 Atticus
454 2553 628 2635 praefectus
654 2555 796 2632 cohortis,
820 2555 949 2640 juvenili
974 2557 1078 2620 ardore
1101 2568 1133 2620 et

192 2656 306 2719 ferocia
321 2656 393 2735 equi
407 2654 547 2719 hostibus
562 2655 674 2720 illatus.

234 2753 407 2819 XXXVHI.
430 2756 473 2822 Et
494 2779 556 2821 nox
577 2759 703 2842 quidem
723 2759 836 2842 gaudio
858 2758 1030 2842 praedaque
1051 2760 1131 2824 laeta
1222 2793 1228 2802 ·

193 2859 383 2922 victoribus:
432 2857 570 2923 Britanni
610 2860 759 2941 palantes,
801 2862 957 2944 mixtoque
999 2862 1132 2924 virorum

194 2957 419 3042 mulierumque
447 2959 575 3040 ploratu,
599 2961 717 3024 trahere
741 2962 924 3038 vulneratos,
948 2983 1065 3044 vocare¹
1086 2964 1131 3026 in-

194 3072 306 3144 tegros,
322 3059 463 3123 deserere
486 3059 593 3123 domos
615 3083 652 3124 ac
672 3084 728 3142 per
749 3065 825 3126 iram
845 3063 925 3126 ultro
946 3063 1129 3127 incendere:

195 3162 307 3246 eligere
322 3160 454 3224 latebras
470 3174 501 3224 et
516 3162 619 3225 statim
639 3162 829 3246 relinquere:
854 3165 984 3228 miscere
999 3166 1132 3229 invicem

194 3263 321 3328 coasilia
348 3263 460 3346 aliqua,
489 3262 560 3326 dein
590 3283 751 3344 separare:
775 3265 936 3347 aliqnando
963 3264 1063 3349 frangi
1085 3288 1132 3328 as-

194 3377 286 3444 pectu
313 3365 476 3448 pignorum
498 3385 634 3440 suorum,
658 3365 781 3445 saepius
810 3367 972 3430 concitar':
997 3368 1131 3449 satisque

195 3465 362 3540 constabat,
389 3468 525 3529 saevisse
547 3463 698 3549 quosdam
725 3467 757 3529 in
783 3468 929 3552 conjuges
951 3490 988 3530 ac
1009 3468 1132 3544 liberos,

196 3580 340 3648 tanquam
367 3566 592 3630 misererentur.
645 3565 808 3632 Proximus
837 3569 903 3633 dies
929 3569 1042 3632 faciem
1070 3570 1132 3632 vic-

197 3667 289 3730 toriae
302 3665 394 3730 latius
416 3667 552 3747 aperuit:
575 3680 698 3733 vastum
711 3667 825 3753 ubique
841 3670 1006 3745 silentium,
1023 3670 1133 3733 secreti

197 3767 301 3845 colles,
330 3765 478 3832 sumentia
513 3769 621 3851 procul
649 3780 739 3848 tecta,
768 3791 859 3834 nemo
895 3769 1132 3852 exploratoribus
