2772 4322
224 327 265 386 24
542 347 571 387 e.
597 348 693 406 esan.
717 349 852 390 nictans

219 488 355 572 plerique
391 487 538 550 nobilium
574 487 816 551 adolescentium
851 499 959 568 petunt
994 487 1073 550 ultro
1104 507 1156 550 eas

219 590 363 670 nationeS,
386 609 465 671 quae
492 601 557 651 tum
583 589 699 652 bellum
725 589 848 671 aliquod
873 601 1004 672 gerunt;
1029 589 1101 672 quia
1126 602 1156 652 et

219 671 335 772 ingrata
354 679 438 772 genti
460 691 558 772 quies,
583 703 613 753 et
635 689 755 752 facilius
778 691 856 753 inter
876 691 1019 771 ancipitia
1044 690 1153 753 clares-

218 803 297 866 cunt,
327 811 535 874 magnumque
572 791 750 854 comitatum
778 813 839 854 non
866 792 925 854 nisi
954 792 984 854 vi
1012 791 1154 874 belloque

218 899 366 954 tuentur:
401 893 527 976 exigunt
545 894 627 955 enim
649 894 794 976 principis
810 894 859 956 sui
873 893 1052 956 liberalitate
1067 892 1153 956 illurn

219 991 395 1056 bellatorem
438 1014 563 1077 equum,
607 994 692 1056 illam
737 1007 894 1057 cruentam
935 994 1153 1076 victricemque

147 1177 157 1186 β
219 1091 381 1160 frameam„
419 1093 502 1158 Nam
524 1095 633 1176 epulae
656 1109 695 1171 et,
712 1117 886 1178 quanquam
908 1096 1063 1176 incompti,
1079 1095 1152 1178 largi

217 1207 320 1257 tamen
334 1209 497 1280 apparatus
518 1219 573 1278 pro
588 1196 738 1292 stipepdio
752 1197 884 1260 cedunt:
907 1197 1034 1259 materia
1055 1198 1152 1260 muni·

217 1298 357 1360 licentiae
378 1297 535 1378 perbelle
557 1311 588 1360 et
607 1310 723 1379 raptus
766 1297 837 1361 Nec
858 1320 942 1361 arare
963 1310 1083 1374 terram,
1102 1310 1154 1360 aut

217 1410 378 1480 expectare
398 1421 523 1476 annum,
539 1412 603 1463 tum
617 1399 707 1476 facile
722 1402 922 1484 persuascrie,
938 1422 1031 1484 quam
1044 1421 1153 1463 vocare

217 1501 321 1564 hostes
337 1513 368 1565 et
381 1502 509 1565 vulnera
529 1503 650 1566 mereri.
693 1500 823 1586 Pigrum
845 1503 1014 1586 quinimmo
1029 1514 1059 1564 et
1074 1503 1154 1565 iners

217 1603 345 1680 videtur,
387 1603 496 1667 sudore
537 1605 704 1687 acquirere,
746 1604 828 1687 quod
866 1605 967 1688 possis
1007 1605 1153 1687 sanguine

216 1726 333 1785 parare.

259 1805 331 1870 XV.
369 1804 521 1879 Quotiens
556 1805 638 1868 bella
680 1827 740 1868 non
775 1807 890 1881 ineunt,
927 1826 987 1868 non
1022 1805 1153 1868 multum

219 1906 386 1982 venatibus
413 1906 484 1986 plus
512 1927 568 1991 per
596 1907 693 1969 otium
721 1907 900 1990 transigunt,
924 1906 1017 1969 dediti
1047 1928 1155 1970 somno

217 2008 356 2091 ciboque,
380 2006 564 2071 fortissimus
586 2009 717 2092 quisque
740 2029 777 2072 ac
798 2007 1051 2071 bellicosissimus
1080 2008 1154 2070 nihil

217 2130 322 2193 agens,
345 2109 485 2194 delegata
504 2109 615 2174 domus
638 2124 669 2174 et
688 2110 845 2192 penatium
866 2121 897 2174 et
918 2131 1060 2194 agrorum
1082 2131 1155 2172 cura

217 2211 340 2275 seminis
363 2213 550 2296 senibusque
567 2226 598 2276 et
612 2213 819 2277 infirmissimo
839 2213 951 2296 cuique
967 2233 1006 2275 ex
1018 2211 1153 2274 familia:

217 2315 276 2395 ipsi
305 2313 436 2391 lrebent;
474 2316 551 2378 mira
579 2311 753 2378 diversitate
789 2326 923 2391 naturae,
954 2335 1027 2377 cum
1062 2312 1154 2376 iidem

218 2415 355 2478 homines
372 2417 417 2477 sic
431 2428 535 2477 ament
556 2417 696 2481 inertiam
710 2429 741 2479 et
756 2417 872 2480 oderint
894 2417 1040 2499 quietem.
1084 2413 1155 2478 Mos

218 2528 266 2577 est
280 2515 454 2576 civitatibus
476 2514 555 2577 ultro
570 2536 606 2577 ac
620 2516 733 2578 viritim
748 2515 885 2578 conferre
903 2517 1092 2599 principibus
1107 2513 1155 2576 vel

219 2628 423 2679 armentorum
444 2616 494 2679 nel
515 2616 650 2700 frugum,
666 2615 749 2700 quod
769 2637 824 2697 pro
844 2615 958 2678 honore
983 2627 1155 2695 acceptum,

219 2719 311 2782 etiam
338 2717 574 2780 necessitatibus
612 2717 763 2800 subvenit.
818 2714 963 2778 Gaudent
991 2713 1155 2799 praecipue

219 2820 416 2883 finitimarum
437 2819 575 2902 gentium
590 2817 688 2893 donis,
704 2838 783 2900 quae
798 2837 858 2879 non
876 2815 967 2879 modo
983 2837 1001 2878 a
1016 2815 1156 2898 singulis

220 2920 276 2984 sed
310 2919 433 3000 publice
469 2919 648 2981 mittuntur:
686 2918 776 2981 electi
805 2907 898 3000 equi,
916 2938 1028 3001 magna
1063 2939 1157 2994 arma,

220 3021 372 3105 phalerae,
402 3032 597 3102 torquesque.
652 3017 724 3082 Jum
752 3031 782 3082 et
818 3021 981 3104 pecuniam
1018 3021 1158 3104 accipere

220 3122 393 3192 docuimus.

263 3221 352 3285 XVI.
375 3218 735 3287 Nullas-Germanorum
757 3223 879 3308 populis
901 3223 994 3284 urbes
1020 3220 1159 3296 habitari,

225 3325 295 3388 satis
324 3336 430 3387 notum
459 3335 524 3386 est:
559 3344 598 3385 ne
627 3326 688 3406 pati
719 3324 845 3407 quidem
873 3324 951 3386 inter
979 3343 1013 3384 se
1039 3321 1160 3406 junctas

225 3425 322 3489 aeden.
368 3425 483 3488 Colunt
497 3425 622 3488 discreti
641 3447 677 3489 ac
692 3425 814 3500 diversi,
830 3437 865 3488 ut
878 3423 957 3501 fons,
972 3435 1007 3486 ut
1021 3445 1160 3510 campus,
1217 3504 1220 3512 ,

224 3540 256 3590 ut
282 3540 392 3590 nemus
427 3526 553 3608 placuit.
606 3525 701 3589 Vieos
736 3527 846 3602 locant,
876 3547 938 3587 non
966 3527 997 3589 in
1024 3538 1162 3598 nostrum

223 3650 349 3704 morem,
372 3628 517 3692 connexis
547 3640 577 3691 et
606 3626 840 3691 cohaerentibus
870 3627 1038 3690 aedificiis:
1074 3646 1162 3688 suam

223 3732 353 3814 quisque
368 3730 495 3794 domurn
517 3731 615 3812 spatio
629 3729 807 3806 circumdat,
824 3731 888 3792 sive
903 3729 1050 3792 adversus
1072 3745 1161 3788 casua
