2772 4322
579 364 737 410 scateam
1098 351 1135 410 at
1202 417 1205 424 ,

173 503 305 593 '‘cerent,
325 515 436 579 hortari
458 515 609 597 privatim,
633 515 777 600 adjuvare
799 495 933 596 publice,
957 527 992 578 ut
1013 515 1133 597 templa,

193 619 266 694 fora,
289 619 400 682 domus
429 630 629 694 exstruerent,
652 617 805 682 laudando
832 629 989 702 promptos
1019 630 1050 681 et
1071 639 1136 682 cas·

110 699 137 752 ⁸·
193 719 315 804 tigando
331 741 462 803 segnes:
486 720 529 782 ita
549 718 674 782 honoris
696 719 861 782 aemulatio
882 741 938 802 pro
952 721 1137 784 necessitate

193 836 264 885 orat.
308 820 382 885 Jam
406 842 480 884 vero
506 821 683 902 principum
707 821 788 886 filios
816 821 995 885 liberalibus
1021 823 1138 886 artibus

192 923 324 1000 erudire,
356 935 387 986 et
412 923 546 1006 -ingenia
581 921 798 986 Britannorum
835 922 945 986 studiis
977 922 1137 988 Gallorum

192 1023 352 1099 anteferre,
368 1035 412 1100 ut,
429 1025 482 1106 qui
496 1022 589 1086 modo
611 1022 748 1106 linguam
764 1022 938 1086 Romanam
953 1025 1137 1101 abnuebant,

191 1125 399 1208 eloquentiam
421 1125 684 1206 concupiscerent.
730 1124 806 1188 Inde
823 1126 916 1188 etiam
930 1123 1053 1188 habitus
1067 1148 1138 1189 nos·

192 1228 228 1290 tri
243 1226 339 1291 honor
353 1240 384 1291 et
397 1226 543 1312 frequens
565 1238 655 1311 toga:
678 1227 890 1313 paulatimque
911 1227 1086 1292 discessum
1100 1229 1137 1292 ad

191 1327 396 1392 delenimenta
430 1331 584 1404 vitiorum,
612 1331 748 1410 porticus
772 1342 809 1393 ‚et
835 1329 946 1392 balnea
975 1342 1006 1394 et
1034 1332 1136 1394 convi-
1277 1402 1281 1416 ,

191 1431 308 1493 viorum
332 1431 537 1513 elegantiam:
561 1430 654 1513 idque
680 1429 762 1511 apud
784 1432 941 1512 imperitos
963 1431 1137 1496 humanitas
1169 1481 1171 1486 .
1216 1431 1241 1520 χ’

191 1553 229 1594 vo
250 1531 367 1607 abatur,
386 1552 459 1594 cum
473 1553 544 1612 pars
560 1532 716 1594 servitutis
732 1544 825 1595 essct.
886 1543 924 1610 {t
940 1573 948 1612 ,-
970 1573 1011 1616 »Α
1022 1565 1042 1620 ,2
1061 1539 1068 1590 ³.
1083 1603 1088 1610 ,
1101 1531 1148 1602 tfu-
1180 1523 1199 1600 ‚¹

161 1641 165 1650 “
205 1684 211 1699 ,
233 1630 343 1695 XXII.
367 1629 494 1695 Tertius
521 1632 751 1714 expeditionum
779 1653 880 1696 annus
905 1655 1000 1696 novas
1029 1647 1140 1718 gentes

179 1699 318 1850 hpeqqit,
348 1736 473 1799 vastatis
502 1757 603 1819 usque
628 1734 667 1798 ad
696 1734 801 1800 Taum
830 1737 996 1818 (aestuario
1025 1759 1137 1801 nomeu

140 1757 182 1927 st
191 1837 252 2002 este
276 1837 470 1900 nationibus:
500 1860 562 1923 qua
589 1837 751 1902 formidine
781 1840 877 1903 territi
905 1837 1010 1903 hostes
1040 1839 1137 1924 quau·

252 1961 284 2004 m
312 1940 522 2004 conflictatum
558 1942 659 2004 saevis
696 1942 932 2026 tempestatibus
968 1943 1138 2005 exercitum

129 2063 182 2211 Ψ
202 2063 344 2104 accesere
372 2064 434 2106 nou
463 2044 554 2117 ausi;
607 2043 818 2125 ponendisque
848 2045 974 2124 insuper
1001 2044 1137 2108 castellis

144 2161 160 2219 s
191 2144 325 2227 spatium
353 2143 421 2207 fuit.
466 2143 661 2206 Aunotabant
692 2143 782 2222 periti
811 2165 872 2205 non
900 2145 996 2208 alium
1024 2145 1137 2208 ducem

88 2142 150 2325 b}
191 2245 430 2324 opportunitates
452 2242 591 2304 locorum
614 2243 783 2323 sapientius
805 2242 940 2325 legisse:
963 2243 1084 2306 nullum
1098 2245 1137 2307 ab

10 2407 12 2450 Ι
57 2283 125 2500 Ψ
191 2343 336 2426 Agricola
357 2344 492 2428 positum
516 2342 679 2406 castellum
701 2353 754 2406 aut
775 2344 806 2406 vi
827 2342 964 2406 hostiurn
983 2365 1137 2430 expugna-

11 2459 12 2462 ’
191 2455 257 2506 turn
279 2456 332 2507 aut
357 2444 499 2528 pactione
521 2465 557 2506 ac
579 2443 654 2528 fuga
676 2444 843 2521 desertum.
890 2445 1024 2508 Crebrae
1048 2468 1137 2529 erup·

191 2546 307 2609 tiones:
330 2568 402 2609 nam
423 2546 570 2609 adversus
593 2567 694 2610 moras
717 2546 884 2610 obsidionis
907 2549 1016 2612 annuis
1039 2550 1137 2634 copiis

189 2647 406 2712 firmabantur:
430 2649 473 2713 ita
497 2649 647 2731 intrepida
671 2649 715 2713 ibi
740 2648 850 2726 hiems,
867 2661 898 2712 et
924 2651 981 2714 sibi
1004 2653 1137 2735 quisque

189 2750 350 2831 praesidio,
378 2752 469 2815 irritis
495 2751 636 2815 hostibus
666 2773 766 2835 eoque
791 2750 1036 2835 desperantibus,
1064 2755 1137 2836 quia

190 2851 271 2928 soliti
299 2852 481 2936 plerumque
509 2853 622 2917 damna
655 2855 781 2917 aestatis
800 2853 946 2927 ,hibernis
975 2854 1136 2940 eventibus

189 2965 418 3032 pensaretum
440 2967 556 3016 aestate
579 2967 672 3038 atque
695 2955 799 3021 hieme
821 2954 909 3040 juxta
933 2954 1136 3040 pellebantur.

189 3049 261 3114 Nec
289 3051 435 3136 Agricola
463 3074 600 3135 unquam
620 3076 676 3135 per
705 3054 781 3118 alios
803 3067 892 3138 gesta
914 3055 1021 3119 avidus
1046 3057 1137 3120 inter·

189 3155 293 3236 cepit:
318 3175 374 3217 seu
398 3156 535 3217 centurio
559 3177 615 3218 seu
637 3155 821 3239 praefectus,
837 3158 1049 3242 incorruptum
1062 3158 1136 3223 facti

189 3267 301 3319 testem
320 3243 466 3319 habebat.¹
507 3255 602 3340 Apud
617 3256 767 3339 quosdam
790 3258 928 3321 acerbior
942 3259 974 3322 in
989 3260 1136 3323 conviciis

190 3357 383 3441 narrabatur;
403 3367 440 3422 ut
450 3357 523 3422 'erat
537 3356 632 3422 comis
647 3355 743 3439 bonis,
761 3358 909 3424 adversus
934 3361 1033 3424 malos
1058 3361 1135 3445 inju-

190 3459 310 3523 cundus
325 3481 332 3520 :
356 3473 494 3522 ceterum
509 3481 548 3522 ex
562 3459 720 3523 iracundia
734 3461 810 3525 nihil
833 3474 1010 3545 superorat;
1034 3483 1135 3526 secre-

190 3575 257 3624 tum
272 3567 303 3622 et
318 3561 473 3624 silentium
497 3561 563 3645 ejus
586 3583 646 3624 non
668 3563 812 3626 timeres:
836 3564 995 3626 honestius
1009 3563 1134 3644 putabat

193 3661 357 3737 offendere,
374 3683 467 3745 quom
483 3663 595 3726 odisse.

234 3763 361 3846 Xtht.
385 3763 503 3839 Quarta
526 3781 626 3831 aestas
643 3759 826 3844 obtinendis}
840 3789 920 3850 quae
934 3787 1134 3850 percurrerat,

982 3973 1002 4028 t
