2772 4322
587 371 755 415 nonrconn.
786 379 789 388 ·
1103 359 1141 416 55

204 520 318 584 bellum
351 517 538 596 inchoaturo,
568 531 599 582 et
626 518 781 604 plerisque
818 519 963 584 custodiri
1000 533 1142 602 suspecta

117 621 123 630 '
203 621 304 702 potius
326 619 526 697 uidebatur,
517 642 561 683 rre
585 618 707 685 obviam
728 619 897 684 discrimini
926 620 1049 684 statuit.
1073 642 1131 684 con

203 723 367 806 tractisque
403 721 579 823 legionum
595 721 715 785 vexillis
745 734 776 784 et
805 722 927 785 modica
962 721 1143 787 auxiliorum

202 843 306 900 manu,
323 825 396 904 quia
417 824 448 886 in
470 845 605 906 aequum
626 822 751 906 degredi
769 823 938 887 Ordovices
963 845 1025 886 non
1050 822 1144 886 aude-

202 926 308 1002 bant,'
300 947 367 1006 ipse
390 936 459 988 ante
482 946 603 1008 agmen,
619 946 680 1007 quo
703 925 814 986 ceteris
835 931 891 1004 par
911 925 1032 987 animus
1051 925 1144 988 simili

203 1026 339 1108 periculo
354 1038 446 1102 esset,
463 1027 558 1088 erexit
577 1027 697 1088 aciem:
721 1043 873 1108 caesaque
893 1047 987 1106 prope
1001 1027 1146 1089 universa

202 1140 303 1211 gente,
319 1148 381 1190 non
402 1129 526 1211 ignarus
551 1125 727 1191 instandum
745 1124 856 1202 famae,
872 1147 919 1204 ac,
934 1139 1025 1208 prout
1044 1127 1144 1208 prima

203 1229 379 1306 cessissent,
390 1234 543 1290 terrorem
553 1225 666 1292 ceteris
677 1224 1038 1310 sore,Monarn·insulam,
1055 1227 1144 1312 cujus

203 1317 399 1413 possessione
434 1342 612 1393 revocatum
640 1328 818 1392 Paullinum
853 1327 1018 1392 rebellione
1051 1329 1144 1393 totius

204 1430 378 1493 Britanniae
408 1451 500 1510 supra
527 1431 704 1505 memoravi,
719 1429 873 1512 redigere
903 1431 935 1493 in
961 1442 1143 1510 potestatem

204 1531 305 1592 animo
335 1529 472 1592 intendit.
518 1529 591 1605 Sed,
621 1541 656 1591 ut
682 1530 716 1592 in
743 1528 846 1592 dubiis
875 1530 1021 1606 consiliis,
1050 1553 1144 1595 naves
1234 1597 1236 1600 ,

203 1631 349 1693 deerant:
379 1631 456 1692 ratio
484 1641 515 1692 et
543 1629 712 1692 constantia
739 1629 828 1692 ducis
860 1631 1037 1694 transvexit.
1080 1629 1145 1694 De·

125 1796 132 1805 ,
119 1736 223 1849 ,⁴9
245 1754 270 1794 sr
355 1731 497 1795 omnibus
540 1731 678 1807 sarcinis
719 1730 905 1794 lectissimos
941 1731 1143 1808 auxiliarium,

119 1732 331 1918 Μ
302 1828 414 1942 spata
434 1832 513 1896 rada
534 1845 565 1896 et
584 1833 702 1914 patrius
729 1831 827 1896 nandi
850 1854 936 1906 usus,
964 1854 1026 1916 quo
1052 1831 1144 1896 simul

158 1928 354 2030 sequth
375 1957 460 1998 arma
481 1947 512 1998 et
533 1956 630 2018 equos
650 1947 772 2018 regunt,
794 1935 837 1998 ita
856 1947 982 2016 repente
1004 1934 1142 2010 immisit,

85 2063 119 2119 p„
160 2013 469 2137 utgdbstupefacti
446 2034 638 2112 thostes,
636 2037 690 2119 qui
718 2036 864 2112 classem,
884 2037 938 2120 qui
962 2057 1066 2112 naves,
1090 2037 1144 2118 qui

44 2125 175 2266 lx)
173 2153 287 2202 mare
310 2150 419 2220 expect
407 2139 520 2213 t,abant
547 2136 622 2201 nihil
644 2136 774 2200 arduum
796 2147 849 2199 aut
870 2138 1019 2200 invictum
1047 2137 1145 2199 credi-

66 2269 71 2295 t
128 2249 154 2284 ‘⁷
204 2238 340 2301 derint
317 2260 362 2302 sre
384 2238 424 2301 ad
442 2237 562 2299 bellum
582 2237 705 2300 venient
693 2235 786 2300 tibus.
832 2235 880 2298 Ita
900 2236 995 2320 petita
1016 2256 1093 2319 pace
1108 2257 1145 2298 ac

53 2296 72 2324 Ὃ
102 2318 114 2394 ι’
204 2339 306 2401 dedita
342 2337 452 2413 insula,
482 2336 583 2401 clarus
612 2357 649 2399 ac
677 2357 809 2420 magnus
844 2335 951 2399 haberi
978 2335 1143 2419 Agricola:

104 2445 109 2468 ³
204 2440 317 2522 quippe
343 2440 395 2501 cui
416 2437 597 2522 ingredienti
625 2438 828 2518 provinciam,¹
846 2437 928 2521 quod
949 2449 1071 2519 tempus
1093 2437 1144 2502 alii

203 2563 259 2622 per
277 2541 511 2603 ostentationem
532 2551 586 2602 eut
607 2539 778 2603 officiorum
800 2534 895 2606 ambit
883 2551 950 2602 tum
963 2541 1144 2622 transigunt,

204 2644 341 2707 laboret
329 2642 535 2724 tpericulum
563 2641 741 2722 placuisset
784 2639 855 2704 Nec
883 2640 1037 2724 Agricola,
1059 2663 1144 2761 pros·

203 2747 330 2830 peritate
355 2765 459 2808 rerum
484 2745 515 2807 in
541 2744 708 2808 vanitatem
731 2764 820 2818 usus,
846 2741 1072 2823 expeditionem
1092 2719 1144 2805 aut

205 2846 362 2910 victoriam
375 2845 505 2909 vocabat
519 2845 616 2909 victos
632 2845 842 2908 continuisse:
865 2864 904 2906 ne
919 2843 1062 2906 laureatis
1077 2844 1142 2926 qui-

203 2947 276 3010 dem
304 2959 392 3030 gesta
419 2959 603 3027 prosecutus
629 2960 697 3010 est:
728 2945 784 3010 sed
812 2947 879 3034 ipsa
901 2944 1144 3023 dissimulatione

203 3047 304 3112 famae
325 3048 441 3112 famam
462 3048 557 3122 auxit,
580 3048 824 3123 aestimantibus,
838 3059 951 3130 quanta
972 3045 1067 3109 futuri
1089 3067 1144 3128 spe

203 3162 267 3214 tam
281 3169 393 3234 magna
407 3148 566 3212 tacuisset.

245 3249 339 3315 XIX.
385 3250 533 3314 Ceterum
576 3248 747 3311 animorum
788 3248 962 3329 provinciae
999 3247 1143 3331 prudens,

205 3353 359 3436 simulque
380 3352 489 3416 doctus
515 3371 570 3432 per
598 3349 698 3413 aliena
719 3350 925 3432 experimenta
945 3359 1056 3436 parn'm
1076 3371 1145 3435 pro·
1205 3420 1207 3424 ¹

199 3454 256 3528 ¹lici
285 3454 388 3530 armis,
412 3454 438 3516 si
466 3451 593 3535 injuriae
623 3463 831 3538 sequerentur,
855 3473 966 3516 causas
995 3451 1144 3514 bellorum

205 3554 311 3616 statuit
331 3553 483 3617 excidere.
527 3553 557 3616 A
571 3573 605 3616 se
620 3554 746 3637 suisque
762 3575 859 3630 orsuS,
874 3556 1005 3637 primum
1018 3552 1145 3616 domum

146 3659 148 3664 ’
206 3676 295 3735 suam
320 3652 475 3732 coe‘rouit3
499 3654 581 3738 quod
601 3655 756 3738 plerisque
783 3654 865 3719 haud
887 3655 990 3718 minus
1016 3652 1146 3716 arduum

206 3769 263 3834 ost,
292 3778 386 3842 quam
421 3757 609 3839 provinciam
644 3778 762 3838 rogero.
816 3755 903 3820 Nihil
931 3776 986 3837 per
1021 3754 1145 3818 libertos
