2772 4322
613 332 780 377 reumont.
1133 324 1170 379 ιθ

228 482 269 546 22,
292 484 334 534 23.
359 477 434 532 Nova
463 479 590 549 expeditio
613 497 694 534 novas
724 487 816 551 gentes
840 481 930 552 aperit,
953 496 1020 550 quae
1044 481 1170 551 praesidio

259 568 403 620 firmantur.
439 567 579 638 Agricolae
601 567 696 621 candor
713 570 740 622 in
759 568 975 622 communicanda
989 567 1089 638 gloria.
1126 574 1169 622 24.

260 652 406 707 Consilium
423 652 455 706 de
473 653 624 724 occupanda
641 654 776 708 Hibernia.
813 655 926 708 25-27.
948 653 1075 708 Civitates
1098 661 1171 708 trans
1226 677 1231 687 ·

259 739 408 794 Bodotriam
431 741 497 794 sitae
515 741 689 811 explorantur.
726 740 869 806 caledonii,
887 740 1021 794 Romanos
1044 744 1171 812 aggressi.
1214 737 1217 744 '

260 826 368 880 consilio
385 827 517 895 ductuque
534 827 675 898 Agricolae
699 827 776 898 pulsi,
796 828 932 882 sacrificiis
955 828 1171 899 conspirationem

260 913 395 966 civitatum
419 915 549 966 sanciunt.
593 917 635 966 28.
660 912 813 982 Usipiorum
831 913 923 966 cohors
946 915 1012 966 miro
1030 902 1096 967 cirsu
1113 913 1171 967 Bri-

258 1000 377 1053 tanniam
401 1001 585 1054 circumvecta.
633 999 775 1071 Agricolae
798 999 869 1054 filius
892 1001 953 1054 obit.
999 1005 1042 1054 29.
1067 1001 1171 1055 Bellum

260 1088 380 1142 Britanni
398 1097 520 1158 reparant
530 1088 647 1160 Calgaco
661 1089 735 1154 duce,
747 1089 824 1158 cujus
836 1095 948 1143 30—32.
961 1090 1043 1144 oratio
1055 1089 1088 1142 ad
1099 1107 1170 1143 suos.

261 1180 303 1241 33,
316 1181 358 1229 34.
377 1175 511 1232 Romanos
532 1193 634 1246 quoque
650 1176 768 1230 hortatur
786 1177 921 1247 Agricola.
958 1179 1069 1230 35-37.
1089 1178 1171 1232 Atrox

260 1268 287 1314 et
304 1270 443 1317 cruentum
459 1262 595 1333 proehum.
633 1267 675 1317 38.
693 1262 781 1318 Penes
794 1263 927 1318 Romanos
939 1265 1056 1318 victoria.
1091 1263 1170 1334 Agri-

261 1348 319 1402 cola
330 1349 495 1403 Britanniam
507 1350 667 1403 circumvchi
679 1351 812 1420 praecipit.

228 1439 268 1488 di).
287 1436 462 1500 Domitianus,
474 1437 557 1490 fronte
575 1437 667 1500 laetus,
680 1444 783 1506 pectore
800 1440 902 1502 anxius,
914 1440 1036 1491 nuntium
1049 1438 1172 1492 victoriae

262 1525 366 1593 excipit.
401 1529 445 1578 40.
463 1522 585 1576 Honores
602 1529 691 1575 tamen
703 1523 844 1593 Agricolae
858 1524 962 1578 decerni
978 1525 1058 1591 jubet,
1071 1525 1173 1596 condito

262 1609 327 1674 odio,
344 1609 427 1663 donec
450 1611 584 1680 provincia
607 1608 714 1663 decedat
732 1610 866 1680 Agricola.
902 1609 930 1663 Ie
953 1609 1036 1664 redux
1058 1611 1174 1664 modeste

261 1697 324 1765 agit.
361 1701 404 1750 41.
422 1695 574 1751 Periculum
592 1696 626 1750 ab
650 1697 846 1751 accusatoribus
865 1704 892 1752 et
908 1695 1092 1751 laudatoribus.
1129 1702 1173 1750 42.

261 1781 380 1836 Excusat
391 1800 428 1848 se,
439 1800 474 1837 ne
485 1785 647 1854 provinciam
665 1784 787 1838 sortiatur
801 1783 950 1856 proconsul.
985 1789 1029 1838 43.
1048 1784 1110 1838 Obit
1121 1801 1173 1839 non

232 1900 247 1938 .·
261 1871 318 1924 sine
342 1870 436 1926 veneni
459 1871 616 1943 suspicione,
636 1888 654 1924 a
670 1871 820 1925 Domitiano
837 1871 899 1925 dati.
935 1876 978 1925 44.
1003 1870 1069 1938 Ejus
1094 1878 1174 1935 aetas,

210 1983 213 1993 λ
260 1957 373 2024 habitus,
388 1959 509 2024 honores,
526 1976 597 2030 opes.
634 1961 678 2012 45.
701 1959 794 2013 Mortis
813 1960 989 2030 opportunitas
1007 1967 1068 2014 ante
1085 1959 1174 2013 Domi·

260 2045 325 2100 tiani
343 2046 500 2100 atrocitates.
536 2051 579 2100 46.
598 2046 720 2108 Questus
737 2047 853 2100 auctoris
871 2053 898 2100 et
915 2047 1054 2100 exvirtute
1072 2046 1173 2100 solatia.

213 2149 214 2156 ¹
261 2131 344 2186 Fama
357 2133 498 2202 Agricolae
511 2131 543 2184 ad
555 2141 671 2201 posteros
686 2132 847 2184 nausnrissa.

271 2321 296 2383 I.
336 2319 518 2383 Carnorum
555 2321 689 2383 virorum
725 2318 808 2382 fecta
845 2341 1013 2403 moresque
1043 2322 1174 2402 posteris

229 2421 355 2497 tradere,
380 2422 547 2505 antiquitus
573 2422 731 2498 usitatum,
754 2443 793 2484 na
816 2422 927 2484 nostris
950 2421 1075 2506 quidem
1097 2434 1174 2486 tem-

227 2524 352 2606 poribus
381 2529 557 2606 quanquam
592 2524 746 2586 incuriosa
783 2545 911 2586 suorum
946 2538 1030 2587 aetas
1061 2525 1173 2600 omisit,

227 2627 368 2710 quotiens
389 2645 503 2709 magna
518 2625 621 2708 aliqua
635 2646 672 2691 ac
687 2625 796 2688 nobilis
812 2627 997 2689 virtusvicit
1011 2648 1047 2688 ac
1069 2647 1174 2706 snper-

212 2749 333 2810 vgressa
357 2739 404 2790 est
424 2727 535 2792 vitium
555 2727 657 2808 parvis
682 2727 865 2811 magnisque
892 2726 1066 2790 civitatibus
1091 2749 1174 2788 com-

227 2849 330 2904 mune,
368 2829 569 2911 ignorantiam
603 2829 680 2891 recti
700 2821 747 2889 'et
782 2827 939 2890 invidiam.
994 2826 1058 2889 Sed
1093 2827 1175 2907 apud

226 2930 352 3010 pricreS,
368 2941 403 2992 ut
418 2951 508 3012 agere
526 2927 621 3013 digne
634 2935 806 2992 memoratu
819 2950 950 3010 pronum
964 2930 1125 3013 magisque
1141 2931 1173 2992 in
1228 2927 1231 2939 ¹

228 3043 333 3112 aperto
348 3042 422 3106 erat,
438 3032 481 3093 ita
502 3031 720 3093 celeberrimus
744 3031 876 3113 quisque
898 3031 1022 3114 ingenio
1045 3031 1084 3096 ad
1106 3053 1174 3114 pro-

227 3132 360 3196 dendam
373 3133 494 3195 virtutis
517 3132 707 3206 memoriam,
724 3131 790 3194 sine
805 3132 903 3214 gratia
923 3145 977 3196 aut
998 3133 1173 3211 ambitione,

228 3234 325 3298 bonae
341 3246 461 3298 tantum
475 3232 681 3296 conscientiae
695 3233 793 3312 pretio
808 3232 987 3297 ducebatur.
1023 3236 1071 3298 Ac
1085 3235 1175 3317 pleri·

229 3357 289 3419 que
306 3357 395 3400 suam
417 3337 476 3417 ipsi
490 3336 586 3398 uitam
607 3355 727 3396 narrare
749 3333 895 3398 fiduciam
916 3337 1019 3416 potius
1041 3358 1172 3411 morum,

230 3458 324 3520 quam
352 3439 556 3520 arrogantiam
584 3436 718 3498 arbitrati
744 3448 833 3498 sunt:
857 3458 915 3499 nec
944 3434 976 3500 id
1004 3436 1123 3501 Rutilio
1145 3450 1176 3501 et

232 3538 351 3602 Scauro
373 3541 448 3602 citra
462 3540 556 3603 fidem
578 3551 631 3601 aut
653 3539 863 3602 obtrectationi
884 3539 961 3602 fuit:
985 3539 1062 3602 adeo
1082 3541 1161 3602 virtu

231 3652 278 3703 tes
315 3639 426 3704 iisdem
461 3640 651 3722 temporibus
681 3641 795 3724 optime
825 3641 1033 3715 aestimantur,
1062 3640 1175 3722 quibus

232 3740 376 3806 facillime
406 3737 581 3828 gignuntur.
627 3742 668 3805 At
691 3762 773 3804 nunc
794 3747 959 3803 narraturo
984 3737 1060 3802 mihi
1083 3742 1174 3806 vitam
