2772 4322
562 382 603 424 nu
628 381 807 424 crunnum.
1115 365 1154 424 39

217 528 311 613 Rugii
341 542 372 594 et
394 526 557 592 Lemovii·
588 530 787 613 omniumque
817 527 931 592 harum·
951 530 1156 613 gentiumin·

215 632 311 716 signe,
341 629 470 695 rotunda
499 643 596 708 scuta,
625 631 734 694 breves
769 630 874 715 gladii,
904 643 934 695 et
963 653 1036 716 erga
1068 651 1156 716 reges

215 733 407 817 obsequium.
618 730 667 836 'q
687 779 713 826 ὠ

255 831 364 896 XLIV.
395 835 548 898 Suionum
562 773 656 898 iiiiiic
670 805 833 912 &civitatee
858 836 931 917 ‘ipso
959 836 992 898 in
1021 835 1156 913 Oceano,

215 948 334 1022 praeter
347 937 428 1000 viros
445 958 591 1020 armaque
605 936 897 1000 classibusvalent:
921 936 1019 1001 forma
1033 939 1158 1002 navium

216 1059 252 1100 eo
273 1037 385 1114 differt,
407 1037 490 1121 quod
510 1038 666 1123 utrimque
687 1059 776 1120 prora
801 1050 939 1120 paratam
962 1060 1085 1120 semper
1107 1061 1159 1122 ap-

217 1138 319 1219 pulsui
341 1137 472 1202 frontem
493 1139 575 1223 agit:
598 1137 1159 1224 necvelisministrantur‚necrem0s

187 1241 188 1245 ’
216 1241 247 1304 in
268 1239 405 1304 ordinem
425 1241 572 1330 lateribus
594 1240 774 1326 adjungunt.
820 1240 974 1320 Solutum,
989 1252 1025 1304 ut
1046 1243 1078 1304 in
1093 1241 1160 1324 qui-

133 1343 136 1346 ’
216 1341 346 1406 ousdam
359 1341 532 1426 fluminum,
550 1355 581 1406 et
591 1331 751 1419 inutabile,
767 1355 802 1406 ut
823 1363 873 1405 res
898 1343 1008 1428 poscit,
1024 1342 1096 1406 hinc
1110 1341 1160 1406 vel

216 1443 299 1506 illinc
326 1444 502 1526 remigium.
546 1442 607 1506 Est
634 1442 716 1524 apud
744 1443 813 1506 illos
842 1456 873 1507 et
902 1445 1011 1526 opibus
1039 1443 1159 1522 honos;

216 1564 315 1626 eoque
338 1563 419 1605 unus
444 1543 606 1622 imperitat,
629 1543 721 1605 nullis
745 1543 809 1626 jam
835 1544 1077 1624 exceptionibus,
1100 1566 1161 1607 non

215 1645 352 1726 precario
377 1644 445 1726 jure
467 1643 603 1728 parendi.
646 1643 717 1707 Nec
745 1666 839 1722 arma,
869 1656 904 1708 ut
931 1644 1014 1734 apud
1042 1656 1161 1709 ceteros

217 1745 398 1822 Germanos,
414 1746 446 1809 in
470 1747 656 1830 promiscuo,
681 1746 737 1809 sed
762 1746 868 1810 clausa
892 1747 949 1811 sub
975 1746 1104 1810 custode
1130 1759 1161 1810 et

215 1847 340 1930 quidem
356 1869 463 1920 servo:
487 1849 560 1932 quia
574 1849 692 1912 subitos
713 1847 849 1922 hostium
863 1849 1006 1914 incursus
1019 1849 1162 1935 prohibet

217 1949 371 2026 Oceanus,
400 1951 498 2013 otiosa
525 1970 614 2032 porro
641 1962 827 2014 armatorum
855 1972 965 2014 manus
988 1950 1078 2014 facile
1100 1950 1146 2015 las

216 2051 353 2115 civium:
377 2053 533 2116 enimvero
560 2073 662 2135 neque
684 2037 821 2117 nobilem
848 2074 950 2136 neque
980 2053 1150 2136 ingenuum

216 2173 255 2214 ne
272 2151 449 2216 libertinum
463 2151 599 2235 quidem,
616 2153 709 2214 armis
731 2173 917 2233 praeponere
939 2153 1025 2235 regia
1046 2153 1160 2216 utilitas

217 2263 274 2314 est.
355 2259 382 2302 ’-
561 2333 565 2340 p
740 2251 742 2258 '

258 2349 354 2413 XLV.
377 2352 479 2414 Trans
502 2351 635 2414 Suionas
658 2350 744 2414 aliud
762 2373 857 2428 mare,
873 2353 996 2438 pigrum
1011 2374 1048 2417 ac
1067 2375 1160 2436 prope

218 2453 389 2528 immotum,
417 2446 585 2536 quo'ningi
610 2452 755 2536 cludique
783 2465 933 2517 terrarum
961 2454 1067 2518 orbem
1090 2456 1161 2520 hinc

218 2553 305 2631 fides,
337 2553 420 2638 quod
449 2565 604 2618 extremus
634 2554 771 2619 cadentis
805 2555 870 2639 jam
899 2556 972 2620 solis
1000 2553 1103 2641 fulgor
1130 2559 1160 2620 in

218 2668 301 2720 ortus
327 2655 434 2720 edurat
455 2655 532 2719 adeo
562 2656 673 2734 clarus,
695 2668 731 2720 ut
757 2657 858 2721 sidera
877 2656 1023 2738 hebetetq
1050 2680 1160 2723 sonum

217 2759 342 2839 insuper
369 2758 477 2834 audiri,
507 2755 682 2842 formasque
711 2757 841 2822 deorum
869 2770 900 2821 et
927 2758 1029 2821 radios
1052 2760 1160 2840 cepitis

218 2858 314 2938 aspici
339 2859 498 2938 persuasio
523 2857 636 2944 adjicit.
680 2859 759 2924 Illuc
782 2881 892 2944 usque,
920 2871 951 2922 et
975 2858 1058 2922 fama
1077 2880 1159 2936 vero,

219 2969 336 3020 tantum
350 2971 466 3022 natura.
484 3007 486 3012 .
510 2955 596 3044 Ergo
611 2961 677 3046 jam
691 2962 796 3026 dextro
813 2962 939 3026 Suevici
953 2962 1046 3026 maris
1061 2962 1160 3026 littore

220 3058 404 3139 Aestyorum
426 3072 535 3142 gentes
550 3061 726 3126 alluuntur:
750 3064 863 3147 quibus
877 3065 954 3128 ritus
976 3062 1160 3146 habitusque

118 3183 124 3190 “
220 3159 418 3238 Suevorum3
463 3161 569 3246 lingua
606 3160 800 3226 Britannicae
839 3166 969 3246 propior.
1028 3163 1160 3228 Matrem

219 3261 312 3326 deum
350 3258 559 3326 uenerantur:
606 3264 726 3347 insigne
770 3267 1003 3349 superstitionis,
1047 3265 1160 3328 formas

218 3385 361 3445 aprorum
396 3377 538 3449 gestant3
576 3364 606 3428 id
642 3386 697 3447 pro
733 3368 826 3429 armis
863 3369 1006 3452 omnique
1026 3367 1159 3430 tutela:

218 3485 364 3528 securum
385 3465 462 3528 deae
490 3467 640 3530 cultorem
669 3468 762 3532 etiarn
783 3469 862 3532 inter
882 3467 987 3532 hostes
1015 3479 1160 3552 praestat.

219 3564 322 3630 Rarus
358 3564 439 3643 ferri,
479 3566 624 3652 frequens
666 3568 797 3634 fustium
840 3591 930 3633 usus.
994 3567 1160 3631 Frumento

219 3678 398 3752 ceterosque
426 3666 544 3734 fructus
572 3673 747 3753 patientius,
771 3693 864 3756 quam
892 3693 947 3756 pro
971 3669 1059 3732 solita
1082 3667 1159 3731 Ger-

219 3789 377 3834 manorum
400 3770 515 3908 irpertia,
538 3772 685 3840 laborant.
731 3772 795 3838 Sed
818 3784 848 3836 et
870 3792 952 3836 mare
977 3781 1150 3837 scrutantur
1247 3845 1253 3857 p
