2772 4322
575 407 616 450 en
640 407 824 452 culturum·
1131 395 1165 456 ιτ

139 569 145 576 “
226 575 286 640 qne
302 554 429 634 alianim
450 553 589 638 gentium
611 551 792 616 adventibus
814 563 846 614 et
866 549 1008 633 hospitiis
1030 553 1166 628 mixtos3

226 658 298 741 quia
319 677 377 721 nec
397 668 477 719 terra
498 656 581 730 olim,
597 655 653 718 sed
675 654 827 718 elassibus
850 653 1088 730 advehebantur,
1112 655 1165 736 qui

225 770 343 820 mutare
368 756 458 820 sedes
479 755 674 839 quaerebant,
712 766 743 817 et
763 755 935 818 immensus
959 753 1048 830 ultra,
1071 765 1165 837 utque

226 860 272 922 sic
299 859 437 934 dixerim,
466 857 614 930 adversus
642 854 788 918 Oceanus
808 857 885 918 raris
907 856 946 918 ab
969 854 1041 918 orbe
1063 867 1163 916 nostro

225 960 354 1024 navibus
370 959 479 1023 aditur.
524 956 718 1038 Quisporro,
733 967 854 1036 praeter
867 956 1041 1038 perieulum
1053 954 1164 1018 horridi

225 1073 256 1124 et
283 1061 379 1146 ignoti
407 1060 509 1136 marie,
540 1059 617 1122 Asia
644 1069 698 1120 eut
725 1057 832 1120 Africa
853 1068 906 1120 aut
931 1055 1021 1120 Italia
1049 1056 1165 1133 relicta,

226 1162 424 1225 Germaniam
446 1173 571 1246 peteret,
613 1159 775 1224 informem
797 1159 895 1236 terrie,
911 1179 1054 1244 asperam
1069 1158 1166 1232 coelo,

225 1264 343 1326 tristem
354 1263 439 1326 cultu
454 1273 653 1344 aspectuque,
670 1261 729 1324 nisi
745 1260 772 1323 si
786 1260 886 1344 petria
906 1259 966 1322 sit?
1002 1255 1167 1322 Celebrant

225 1365 411 1428 carminibus
434 1362 566 1446 antiquis
581 1361 679 1460 (quod
700 1383 798 1424 unum
813 1360 895 1442 apud
916 1360 985 1424 illos
999 1361 1166 1424 memoriae

225 1479 255 1528 et
265 1466 419 1528 annalium
434 1486 533 1547 genus
548 1461 813 1560 esthuisconem
827 1462 922 1525 deum
943 1475 1023 1524 terra
1037 1461 1164 1537 editum,

226 1579 257 1629 et
289 1566 389 1628 filium
418 1564 579 1638 Mannum,
610 1562 761 1645 originem
789 1562 890 1646 gentis
920 1561 1166 1644 conditoresque.

227 1667 342 1730 Manno
356 1679 418 1730 tres
432 1666 512 1729 filios
527 1665 694 1748 assignant,
707 1686 724 1726 e
737 1685 867 1747 quorum
881 1661 1056 1726 nominibus
1067 1664 1166 1743 proxi-

225 1769 267 1832 mi
281 1767 406 1830 Oceano
421 1766 622 1851 Ingaevones,
638 1765 732 1844 medii
747 1763 945 1840 Hermiones,
962 1765 1057 1828 ceteri
1069 1763 1166 1826 Istae-

225 1872 483 1932 vonesvooentur.
520 1863 1164 1946 Quidamautem,utinlioentiavetustatie,

224 1969 327 2050 plures
336 1967 393 2031 deo
403 1979 483 2030 ortos
498 1967 664 2050 pluresque
679 1968 779 2051 gentis
790 1967 1020 2052 appellationes
1031 1965 1166 2044 Marsos,

226 2070 430 2147 Gambrivios
447 2069 577 2145 Suevos,
593 2067 771 2146 Vandalios,
785 2069 957 2146 affirmant3
981 2091 1079 2153 eaque
1093 2091 1165 2133 vera

225 2185 255 2236 et
276 2173 401 2256 antique
422 2171 556 2234 nomina.
603 2167 752 2232 Ceterum
778 2169 963 2232 Germaniae
978 2170 1163 2234 vocabulum

225 2296 332 2337 recens
348 2286 379 2336 et
391 2294 489 2353 nuper
503 2270 640 2334 additum
654 2293 662 2346 ;
678 2271 833 2352 quoniam,
850 2270 902 2353 qui
916 2270 1006 2352 primi
1019 2269 1165 2335 Rhenum

227 2375 409 2458 transgressi
433 2372 541 2434 Gallos
561 2371 750 2458 expulerint,
774 2393 810 2434 ac
832 2393 914 2435 nunc
937 2370 1068 2456 Tungri,
1091 2385 1164 2436 tunc

227 2475 373 2538 Germani
394 2474 493 2538 vocati
524 2474 607 2536 sint:
642 2474 684 2536 ita
704 2474 834 2538 nationis
855 2496 977 2551 nomen,
1008 2495 1070 2540 non
1090 2497 1164 2560 gen-

225 2580 263 2641 tis
280 2577 432 2641 evaluisse
443 2575 606 2659 paulatim,
622 2588 657 2639 ut
678 2598 786 2639 omnes
807 2577 941 2657 primurn
963 2579 1110 2642 avictore
1126 2579 1164 2641 ob

225 2693 351 2756 metum,
367 2701 471 2743 moxe
494 2679 604 2760 seipsis
626 2679 748 2740 invento
769 2679 892 2741 nomine
909 2676 1060 2742 Germani
1074 2703 1164 2742 voca·

164 2833 168 2842 ,
224 2795 335 2846 rentur.

267 2884 327 2946 Ill.
351 2883 462 2946 Fuisse
485 2881 566 2964 apud
587 2885 694 2945 eos'et
715 2881 888 2946 Herculem
909 2894 1088 2960 memorant,
1103 2885 1162 2965 pri·

225 3007 371 3069 mumque
387 2986 524 3048 omnium
538 2986 673 3048 virorum
687 2983 812 3048 fortium
830 2984 899 3048 ituri
922 2985 952 3047 in
975 2985 1091 3066 proelia
1113 3007 1163 3049 ca-

224 3099 308 3152 nunt.
356 3086 437 3150 Sunt
450 3086 511 3149 illis
525 3082 602 3149 haec
616 3107 740 3169 quoque
753 3086 896 3162 carmina,
910 3107 1041 3169 quorum
1054 3079 1161 3164 relatu,

224 3212 316 3274 quem
338 3189 471 3252 beritum
491 3200 611 3265 vocant,
634 3186 807 3250 accendunt
828 3188 958 3264 animos,
979 3188 1161 3273 futuraeque

224 3313 345 3376 pugnae
359 3290 512 3354 fortunam
526 3290 594 3374 ipso
609 3301 701 3354 centu
722 3300 929 3372 augurantur:
952 3301 1065 3354 terrent
1079 3293 1160 3354 enim

224 3393 420 3474 trepidantve,
436 3405 527 3478 prout
542 3394 643 3456 sonuit
664 3393 759 3454 acies.
802 3389 873 3455 Nec
895 3404 959 3456 tam
972 3415 1066 3457 voces
1080 3394 1160 3466 illae,

224 3515 318 3578 quam
342 3497 461 3559 virtutis
487 3506 655 3557 concentus
683 3493 833 3556 videntur.
877 3494 1050 3559 Affeetatur
1076 3515 1161 3574 prae-

224 3597 314 3678 cipue
341 3597 487 3676 asperitas
510 3595 576 3659 soni
598 3607 629 3658 et
649 3594 781 3658 fractum
802 3615 950 3673 murmur,
974 3595 1101 3677 objectis
1124 3595 1160 3657 ad

225 3719 260 3762 os
274 3698 382 3774 scutis,
397 3718 459 3780 quo
472 3697 590 3779 plenior
611 3709 642 3772 et
663 3697 782 3781 gravior
796 3719 856 3760 vox
876 3715 1060 3777 repercussu
1082 3694 1161 3758 intu-

227 3813 351 3866 mescat.
398 3799 545 3864 Ceterum
560 3787 591 3863 et
606 3799 728 3863 Ulixem
744 3800 868 3879 quidam
889 3799 1049 3878 opinantur
1070 3797 1160 3884 lengo
