2772 4322
253 375 294 433 36
453 370 457 376 ’
537 409 539 416 ,
564 389 594 430 c.
618 388 714 431 corn.
738 387 873 430 merrus

253 537 426 612 Germania,
444 517 493 598 sic¹
506 534 680 617 Suevorum
702 537 826 620 ingenui
842 557 859 598 a
875 536 971 598 servis
994 546 1173 618 separantur

252 639 281 700 in
310 638 378 701 aliis
406 637 560 720 gentibus
590 659 645 700 seu
675 639 856 720 cognatione
882 637 984 721 aliqua
1007 636 1189 713 Suevorum,

250 759 307 800 seu
335 737 418 820 quod
447 759 539 819 saepe
578 737 699 814 accidit,
729 739 904 820 imitatione,
924 760 1028 802 rarum
1057 750 1088 800 et
1115 738 1190 801 intra

254 839 399 922 juventae
415 840 569 920 spatium3
596 839 677 920 apud
701 839 832 915 Suevos
857 861 955 923 usque
977 840 1015 902 ad
1037 840 1190 915 canitiem,

249 940 421 1018 horrentem
429 937 576 1021 capillum
585 948 669 1002 retro
679 947 860 1024 sequuntur,
868 938 1118 1025 aasaepeinipso
1127 941 1189 1003 solo

218 1027 221 1034 ¹
251 1043 362 1104 vertice
384 1041 524 1125 religant.
568 1039 732 1121 Principes
748 1053 779 1104 et
794 1046 976 1105 ornatiorem
997 1041 1131 1104 habent:
1154 1063 1190 1104 ea

249 1163 323 1204 cura
350 1140 475 1218 formae,
507 1141 562 1204 sed
590 1143 754 1205 innoxiae:
784 1162 886 1226 neque
916 1127 999 1205 erriu‘r
1026 1153 1062 1204 ut
1089 1154 1190 1204 ament

248 1255 447 1318 amenturve3
485 1243 517 1305 in
552 1241 743 1305 altitudinem
779 1243 932 1326 quandam
968 1256 999 1305 et
1034 1255 1189 1308 terrorem,

248 1343 358 1407 adituri
371 1345 462 1420 bella,
479 1345 603 1425 compti,
621 1356 655 1406 ut
669 1343 805 1408 hostium
820 1345 927 1420 oculis,
942 1358 1094 1407 ornantur.

196 1496 201 1506 .
289 1441 437 1504 ΧΧΧΙΧ.
463 1444 701 1508 Vetustissimos
725 1466 758 1508 se
781 1445 1049 1528 nobilissimosque
1073 1445 1177 1508 Suevo

154 1616 158 1624 ι
248 1568 317 1608 rum
329 1545 501 1609 Semnones
516 1559 697 1610 memorant.
731 1545 825 1610 Fides
841 1548 1028 1631 antiquitatis
1043 1547 1190 1630 religione

168 1663 173 1670 ·
247 1649 393 1711 firmatur.
439 1648 531 1712 State
540 1661 678 1731 tempore
693 1651 725 1712 in
749 1649 858 1712 silvam
872 1651 1010 1733 auguriis
1024 1663 1145 1730 patrum
1160 1661 1189 1712 et

248 1751 348 1833 prisca
375 1749 537 1813 formidine
568 1772 696 1826 sacram,
728 1771 834 1813 omnes
864 1750 1004 1834 ejusdem
1033 1752 1189 1834 sanguinis

229 1850 350 1930 ·populi
375 1849 579 1933 legationibus
604 1863 723 1926 coeunt,
740 1873 893 1934 caesoque
917 1849 1042 1931 publice
1066 1850 1189 1913 homine

247 1950 401 2013 celebrant
422 1950 541 2014 barbari
569 1959 646 2015 ritus
675 1951 825 2014 horrenda
852 1951 1026 2032 primordia.
1071 1950 1131 2014 Est
1159 1963 1189 2014 et

242 2052 304 2114 alia
319 2051 390 2122 luco
404 2055 585 2116 reverentia.
629 2053 733 2117 Nemo
748 2055 808 2117 nisi
822 2052 945 2116 vinculo
960 2053 1073 2137 ligatus
1088 2054 1185 2137 ingre·

245 2154 335 2231 ditur,
351 2166 386 2217 ut
400 2156 499 2219 minor
522 2169 553 2218 et
572 2167 756 2237 potestatem
782 2156 917 2218 numinis
939 2177 1012 2236 prae
1028 2177 1061 2217 se
1075 2154 1188 2220 ferens.

246 2256 281 2319 Si
315 2255 393 2319 forte
428 2257 589 2339 prolapsus
626 2269 683 2334 est,
713 2257 809 2320 attolli
845 2242 877 2320 et
911 2259 1070 2342 insurgere
1106 2257 1190 2322 haud

246 2359 383 2422 licitum:
406 2381 462 2441 per
476 2359 607 2423 humum
629 2361 829 2424 evolvuntur:
854 2382 953 2445 eoque
968 2361 1067 2423 omnis
1084 2382 1189 2442 super·

245 2462 326 2523 stitio
348 2462 482 2544 respicit,
499 2473 645 2544 tanquam
667 2461 737 2524 inde
753 2463 838 2526 initia
860 2465 970 2546 gentis,
986 2463 1029 2524 ibi
1048 2475 1189 2546 regnator

245 2561 383 2624 omnium
397 2561 484 2637 deus,
502 2573 604 2624 cetera
625 2561 763 2645 subjecta
778 2575 869 2646 atque
883 2564 1030 2643 parentia.
1074 2563 1189 2647 Adjicit

245 2663 455 2725 auctoritatem
469 2662 591 2726 fortuna
614 2661 824 2725 Semnonum:
848 2675 971 2726 centum
993 2665 1082 2746 pagis
1104 2663 1189 2726 habi-

246 2776 364 2842 tantur;
387 2785 561 2849 magnoque
585 2785 711 2848 corpore
737 2763 877 2841 efficitur,
900 2777 935 2828 ut
957 2787 990 2828 se
1015 2765 1189 2828 Suevorum

245 2879 337 2951 caput
351 2867 486 2930 credant.

286 2965 353 3029 XL.
387 2968 501 3032 Contra
524 2967 743 3054 Langobardos
772 2971 912 3054 paucitas
934 2971 1091 3036 nobilitat:
1121 2973 1189 3054 plu-

246 3069 330 3131 rimis
367 3089 404 3130 ac
439 3069 659 3132 valentissimis
696 3071 869 3133 nationibus
906 3072 1008 3148 cincti,
1039 3094 1100 3134 non
1133 3089 1189 3153 per

245 3170 440 3253 obsequium,
471 3171 526 3232 scd
562 3173 685 3253 proeliis
715 3185 746 3235 et
778 3172 978 3256 periclitando
1014 3175 1072 3237 tuti
1098 3186 1188 3238 sunt.

247 3271 404 3354 Reudigni
433 3271 543 3335 deinde
573 3285 605 3335 et
633 3275 769 3337 Aviones
800 3286 831 3336 et
851 3272 957 3357 Anglii
972 3285 1002 3336 et
1023 3272 1130 3338 Varini
1159 3289 1188 3339 et

247 3373 391 3436 Eudoses
414 3386 445 3436 et
468 3373 645 3437 Suardones
675 3388 706 3438 et
728 3375 903 3439 Nuithones
928 3376 1107 3440 fluminibus
1137 3394 1188 3441 aut

246 3475 331 3538 silvis
353 3476 551 3538 muniuntur:
574 3476 817 3560 necquidquam
838 3477 1025 3556 notabile,in
1049 3479 1189 3562 singulis,

247 3578 304 3640 uisi
330 3577 413 3660 quod
448 3577 480 3641 in
516 3599 680 3641 commune
717 3578 882 3657 Nerthum,
911 3579 943 3642 id
975 3592 1023 3643 est
1058 3579 1188 3645 Terram

248 3691 374 3743 matrem
397 3681 510 3758 colunt,
535 3703 666 3765 eamque
688 3683 870 3746 intervenire
898 3683 991 3746 rebus
1018 3681 1188 3757 hominum,

232 3781 347 3846 invehi
385 3784 506 3867 populis
543 3786 734 3849 arbitrantur.
780 3784 839 3848 Est
875 3786 904 3849 in
942 3785 1041 3848 insula
1073 3785 1187 3850 Oceani
