2772 4322
556 390 597 432 ns
621 389 802 433 casurum.
1110 365 1150 426 31

210 559 301 621 quam
328 539 486 621 perhanc
510 538 639 624 gloriam
665 539 823 624 sanguinis
850 537 881 602 a'
895 537 1106 626 similitudine¹
1120 553 1149 602 et

209 641 316 705 inertia
346 640 507 705 Gallorum
536 653 723 723 separentur.
778 640 884 723 Ipsam
913 639 1015 704 Rheni
1052 641 1149 722 ripam

209 742 291 806 haud
316 742 409 806 dubie
440 741 665 806 Germanorum
693 743 799 825 populi
820 742 934 820 colunt,
960 741 1149 826 Vangiones,

208 843 345 922 Triboci,
383 843 544 908 Nemetes.
603 843 654 908 Ne
690 844 765 909 Ubii
801 845 936 930 quidem,
974 866 1150 930 quanquam
1218 843 1224 850 ’

209 945 351 1012 Romana
375 945 495 1010 colonia
521 967 592 1008 esse
620 947 788 1010 meruerint
813 967 850 1009 ac
871 947 1017 1010 libentius
1039 947 1150 1044 Agrip

208 1049 352 1130 pinenses
389 1040 553 1112 conditoris
595 1049 643 1112 sui
683 1049 806 1112 nomine
842 1060 998 1124 vocentur,
1035 1048 1150 1131 origine

208 1141 403 1227 erubescunt,
440 1151 623 1234 transgressi
659 1147 733 1213 olim
768 1163 800 1214 et
835 1149 1044 1232 experimento
1078 1148 1151 1212 fidei

208 1273 301 1350 super
322 1252 422 1333 ipsam
444 1250 593 1315 Rheni
569 1273 667 1334 rrpam
689 1251 876 1348 collocati,
863 1263 898 1314 ut
920 1261 1067 1350 arcerent,
1090 1271 1151 1314 non

209 1367 242 1414 ut
263 1365 333 1416 cust
321 1352 498 1416 todirentur.
581 1327 876 1464 mmm
851 1365 908 1405 ¹
897 1385 957 1429 ,1
1034 1379 1061 1430 ,J

251 1452 376 1516 XXIX.
400 1453 550 1518 Omnium
570 1453 680 1516 harum
701 1465 840 1537 gentium
861 1455 973 1517 virtute
994 1453 1151 1536 praecipui

151 1527 188 1598 b·
210 1554 327 1629 Batavi,
344 1577 405 1616 non
418 1555 498 1622 mult
485 1568 551 1622 tum
566 1575 605 1617 ex
618 1556 694 1635 ripa,
710 1554 766 1617 sed
786 1554 919 1618 insulam
934 1553 1037 1618 Rheni
1053 1557 1151 1618 amnis

119 1611 159 1692 *td
208 1656 323 1732 colunt,
355 1652 451 1720 Ghatt
424 1663 538 1720 ttorum
567 1655 722 1740 quondam
760 1655 922 1740 populus
932 1667 963 1719 et
1003 1653 1151 1720 seditione

102 1748 123 1814 t*
177 1757 408 1922 lf3⁰m⁶⁸l⁰³
398 1779 429 1820 m
452 1777 505 1819 eas
528 1756 619 1819 sedes
645 1768 865 1840 transgressus,
888 1757 1055 1841 inquibus
1080 1777 1152 1842 pars

162 1867 201 1948 t,
241 1881 341 1923 ornam
370 1859 490 1940 tmperii
517 1859 635 1922 fierent.
679 1857 787 1923 Manet
823 1858 920 1922 honos
950 1872 989 1922 et
1008 1860 1151 1945 autiquae

140 1944 399 2040 J'llsocietatis
390 1962 532 2045 insigne:
566 1983 637 2025 nam
667 1983 726 2025 nec
754 1961 875 2026 tributis
905 1975 1150 2038 contemnuntur,
1194 1969 1206 1988 ·

101 2106 126 2148 ,t
207 2084 265 2126 noc
279 2063 462 2145 pubhcanus
485 2065 616 2127 atterit·
631 2064 765 2146 exempti
780 2065 923 2128 oneribus
940 2077 970 2127 et
984 2063 1151 2127 collationi·

62 2150 146 2266 pi
208 2164 266 2228 bus
295 2176 327 2228 et
353 2177 473 2228 tantum
501 2166 533 2228 in
559 2186 654 2227 usum
685 2165 873 2248 proeliorum
902 2166 1038 2248 sepositi,
1067 2165 1152 2228 velut

129 2277 148 2346 t„
208 2265 269 2328 tela
290 2278 381 2349 atque
410 2287 505 2341 arma,
526 2264 616 2328 bellis
644 2278 849 2332 reservantur.
894 2265 989 2328 Est
982 2287 1013 2328 tn
1041 2264 1151 2330 eodem

113 2393 121 2428 t
178 2353 359 2450 bsequio
382 2378 413 2429 et
427 2365 643 2430 Mattiacorum
665 2387 761 2450 gens;
784 2367 909 2448 protulit
930 2368 1012 2430 enim
1034 2370 1151 2450 magni·
1179 2367 1186 2375 ⁸

65 2546 73 2562 κ
87 2434 180 2568 d
209 2467 283 2532 tudo
304 2467 409 2550 populi
432 2466 566 2531 Romani
587 2467 666 2531 ultra
688 2467 846 2546 Rhenum,
869 2469 1009 2552 ultraque
1030 2480 1150 2532 veteres

42 2487 88 2604 t
102 2540 141 2684 hl
208 2570 364 2644 terminos,
378 2569 500 2654 imperii
520 2571 731 2633 reverentiam.
776 2569 824 2633 Ita
839 2570 912 2634 sede
927 2570 1127 2654 finibusque
1118 2593 1150 2634 m

209 2693 266 2735 sua
293 2672 369 2757 ripa,
398 2685 501 2735 mente
530 2673 693 2756 animoque
725 2671 887 2735 nobiscum
915 2685 1019 2756 agunt,
1049 2685 1151 2735 cetera
1192 2753 1196 2762 Ι

209 2773 326 2837 similes
341 2772 475 2849 Batavis,
492 2773 552 2837 nisi
567 2774 650 2858 quod
671 2775 740 2858 ipso
762 2772 863 2837 adhuc
878 2786 975 2836 terrae
991 2793 1066 2837 suae
1085 2774 1151 2837 solo

209 2886 240 2938 et
261 2874 348 2937 coelo
374 2877 474 2938 acrius
499 2876 680 2938 animantur.
725 2874 798 2939 Non
822 2876 1048 2938 numeraverim
1073 2876 1150 2940 inter

210 2975 395 3040 Germaniae
416 2976 557 3058 populos,
580 2998 756 3061 quanquam
778 2989 860 3040 trans
875 2976 1022 3041 Rhenum
1043 2975 1148 3042 Danu-

208 3077 357 3160 biumque
400 3075 601 3153 consederint,
630 3097 693 3153 eos,
736 3078 789 3160 qui
825 3074 1016 3141 Decumates
1060 3101 1150 3164 agros

209 3191 362 3242 exercent.
417 3176 612 3241 Levissimus
641 3179 772 3263 quisque
803 3177 965 3248 Gallorum
994 3193 1024 3243 et
1050 3181 1152 3263 inopia
1185 3179 1195 3193 ‘

210 3281 318 3358 audax,
340 3281 453 3345 dubiae
478 3281 684 3366 possessionis
707 3281 808 3344 solum
831 3303 1031 3364 occupavere.
1076 3284 1151 3347 Mox

209 3381 305 3445 limite
334 3395 403 3446 acto
431 3382 639 3467 promotisque
664 3382 836 3465 praesidiis,
860 3385 945 3447 sinus
966 3385 1095 3470 imperii
1121 3397 1151 3447 et

211 3503 280 3564 pars
294 3484 468 3562 provinciae
482 3482 642 3547 habentur.

253 3579 361 3645 XXX.
383 3579 470 3667 Ultra
490 3584 547 3648 hos
562 3581 671 3649 (thuni
683 3585 805 3650 initium
828 3587 971 3651 sedisab
994 3585 1152 3664 Hercynio

212 3681 292 3746 saltu
312 3681 464 3756 inchoant,
479 3707 540 3749 non
560 3699 602 3750 rta
624 3687 733 3751 effusis
755 3710 792 3751 ac
814 3687 1001 3771 palustribus
1023 3686 1100 3749 locis
1120 3699 1152 3752 ut

212 3801 331 3848 ceterae
354 3784 503 3860 civitates
521 3788 549 3848 in
573 3809 650 3870 quas
674 3786 841 3851 Germania
861 3788 1014 3869 patescit3
1038 3783 1152 3880 durant
