2772 4322
95 2037 106 2058 ol«

103 2089 115 2106 Ν

125 2054 128 2064 ι

117 2089 120 2098 r

182 1843 186 1854 1

165 1869 168 1889 l
179 1879 184 1894 t

146 1968 150 1977 ι

142 2091 170 2141 μ’

186 2032 203 2062 Ι

171 2079 179 2094 ι

232 361 272 422 ⁶26
540 375 570 416 c.
594 373 690 416 conn.
714 371 851 415 moires

230 533 323 603 nupta
358 535 514 606 comatur:
548 521 604 584 sed
631 520 726 584 boves
755 533 787 583 et
811 520 964 584 frenatum
990 539 1107 603 equum
1136 531 1165 584 et

229 633 351 685 scutum
366 643 439 686 eum
452 622 569 685 framea
588 591 935 713 gladioque.>(ln'haec
948 641 1078 683 numera
1090 641 1167 683 uxor

228 723 393 807 accipitur;
419 735 512 807 atquc
535 723 670 788 invicem
697 724 765 804 ipsa
787 743 942 786 armorum
964 720 1080 804 aliquid
1101 743 1167 784 rrro

227 823 335 887 affert:
359 823 418 886 hoc
442 825 613 888 maximum
637 823 805 898 vinculum,
830 823 908 886 haec
932 843 1043 886 arcana
1069 843 1166 898 sacra,

227 925 283 987 lios
305 925 481 1010 conjugales
503 924 579 989 deos
600 925 792 989 arbitrantur.
834 922 886 988 Ne
901 945 935 987 sc
949 923 1061 987 mulier
1081 934 1164 986 extra

227 1026 374 1090 virtutum
394 1028 594 1112 cogitationes
616 1039 761 1111 extraque
782 1026 933 1090 bellorum
954 1045 1046 1088 casus
1067 1037 1163 1109 putet,

228 1129 302 1208 ipsis
343 1129 517 1210 incipientis
558 1129 742 1191 matrimonii
784 1128 932 1210 auspiciis
975 1123 1164 1202 admonetur,

228 1229 329 1292 tenire
358 1250 392 1292 se
416 1228 554 1292 laborum
582 1229 850 1314 periculorumque
880 1229 1006 1306 sociam,
1029 1227 1112 1292 idem
1133 1228 1165 1290 iu

227 1350 314 1413 pace,
344 1328 427 1393 idern
455 1331 486 1393 in
515 1331 630 1411 proelio
658 1351 820 1414 passuram
848 1350 1076 1412 ausuramque:
1105 1327 1165 1391 hoc

231 1432 330 1515 juncti
350 1433 456 1509 boves,
480 1431 539 1495 hoc
560 1445 684 1514 paratus
705 1453 817 1516 equus,
835 1431 894 1495 hoc
916 1431 986 1494 data
1007 1453 1091 1494 anna
1111 1430 1165 1493 de·

226 1534 383 1611 nuntiant,
408 1535 453 1597 sic
467 1533 643 1611 vivendum,
659 1535 705 1596 sic
719 1533 932 1616 pereundum:
955 1535 1096 1618 accipere
1119 1554 1164 1609 se,

226 1655 305 1719 quae
334 1634 438 1698 liberis
467 1635 611 1698 inviolata
639 1657 676 1697 ac
701 1635 795 1718 digna
822 1635 938 1710 reddat,
961 1655 1040 1718 quae
1069 1656 1165 1697 nurus

221 1737 376 1820 accipiant
396 1757 514 1811 rursus,
537 1756 615 1818 quae
637 1734 824 1816 adnepotes
849 1735 1028 1798 referantur.

200 1826 208 1846 '
267 1833 358 1898 XIX.
381 1832 466 1917 Ergo
488 1849 575 1916 septa
595 1834 743 1916 pudicitia
764 1847 868 1918 agunt,
891 1835 984 1899 nullis
1005 1848 1164 1916 spectacu-

206 1922 324 2023 pluium
361 1935 525 2010 illecebris,
561 1935 654 1998 nullis
696 1937 905 1999 conviviorum
947 1937 1164 2000 irritationibus

226 2049 394 2120 corruptae.
438 2034 625 2100 Litterarum
647 2050 765 2100 secreta
779 2038 836 2100 viri
855 2039 967 2120 pariter
980 2060 1018 2102 ac
1032 2037 1164 2102 feminac

106 2133 158 2206 ds
225 2141 373 2224 ignorant.
416 2137 612 2203 Paucissima
640 2139 672 2202 in'
692 2152 756 2203 tam
780 2161 944 2204 numerosa
965 2152 1057 2225 gente
1080 2140 1162 2206 adul·

41 3864 106 3880 ——k

225 2243 322 2318 teria;
351 2263 482 2326 quorum
510 2263 609 2326 poena
641 2261 787 2324 praesens
808 2253 840 2305 et
860 2241 977 2306 maritis
1004 2244 1163 2324 permissa.

225 2343 346 2407 Accisis
369 2343 515 2419 crinibus,
538 2343 693 2420 nudatam,
713 2366 816 2407 coram
837 2345 1026 2429 propinquis,
1042 2343 1164 2425 expellit

225 2444 316 2506 domo
343 2445 481 2517 maritus,
505 2463 541 2503 ac
567 2464 623 2526 per
651 2465 773 2507 omnem
798 2446 903 2508 vicum
924 2445 1050 2507 verbere
1079 2446 1163 2528 agit:

142 2628 147 2638 Ι
225 2543 397 2626 publicatae
426 2544 508 2604 enim
535 2541 701 2623 pudicitiae
729 2544 814 2607 nulla
834 2546 945 2606 venia:
975 2566 1036 2606 uon
1056 2544 1162 2619 forma,

225 2667 285 2708 non
313 2656 422 2721 aetate,
450 2666 510 2707 non
540 2641 649 2723 opibus
677 2645 822 2706 maritum
849 2645 1008 2706 invenerit.
1062 2644 1164 2706 Nemo

143 2777 144 2782 ¹
226 2748 308 2810 enim
329 2737 392 2811 illic
413 2747 487 2810 vitia
514 2744 611 2808 ridet:
641 2765 699 2807 uec
728 2765 922 2825 corrumpere
951 2756 982 2806 et
1011 2747 1164 2825 corrumpi

226 2848 386 2910 saeculum
409 2858 545 2910 vocatur.
592 2843 705 2911 Melius
731 2844 856 2928 quidem
879 2843 980 2908 adhuc
1010 2866 1064 2908 eae
1092 2847 1165 2908 civi-

226 2960 314 3023 tates,
336 2949 367 3010 in
389 2948 502 3029 quibus
524 2957 642 3008 tantum
655 2945 789 3030 virgines
811 2945 942 3023 nubunt,
957 2959 988 3010 et
1010 2968 1084 3011 cum
1110 2968 1165 3029 spe

225 3060 356 3130 votoque
371 3045 475 3109 uxdris
491 3046 588 3109 semel
601 3047 787 3130 transigitur.
831 3047 886 3111 Sic
899 3070 997 3112 unum
1012 3050 1165 3130 accipiunt

226 3149 379 3224 maritum,
395 3169 457 3230 quo
478 3147 569 3211 modo
582 3169 680 3211 unum
702 3171 814 3234 corpus
836 3169 991 3232 unamque
1006 3150 1110 3224 vitam,
1126 3169 1165 3210 ne

227 3250 288 3313 ulla
324 3249 468 3332 cogitatio
503 3249 591 3325 ultra,
614 3270 658 3314 ne
687 3250 805 3334 longior
840 3250 1003 3335 cupiditas,
1033 3270 1071 3311 ne
1100 3261 1152 3312 tan

227 3370 319 3435 quam
346 3350 499 3426 maritum,
531 3349 586 3412 sed
613 3361 759 3434 tanquam
794 3350 1021 3414 matrimonium
1051 3361 1156 3413 ament

227 3451 401 3544 Numerum
421 3451 587 3515 liberorum
601 3451 699 3528 finire,
715 3465 768 3516 aut
789 3473 965 3536 quenquam
987 3473 1026 3515 ex
1046 3454 1163 3536 agnatis

227 3575 346 3631 necare,
372 3554 524 3638 flagitium
552 3553 701 3618 habetur:
730 3555 863 3639 plusque
892 3555 935 3618 ibi
962 3555 1034 3618 boni
1063 3575 1164 3618 mores

228 3657 337 3727 valent,
353 3675 447 3740 quam
461 3654 534 3720 alibi
548 3656 647 3720 bonae
661 3657 759 3740 leges.

269 3757 344 3822 XX.
366 3758 403 3821 In
419 3759 501 3822 omni
515 3757 607 3822 domo
626 3757 699 3822 nudi
715 3779 752 3822 ac
767 3758 892 3837 sordidi,
907 3760 939 3822 in
953 3758 1009 3821 hos
1024 3771 1117 3834 artus,
1135 3761 1161 3820 in
