2772 4322
214 339 256 402 50
541 357 571 399 c.
595 355 693 398 conn.
716 353 828 398 rucrrr

216 504 342 570 influere
363 505 486 586 penitus
508 517 599 589 atque
629 503 754 582 ambire,
779 515 810 568 e't
834 503 919 589 jugis
944 515 1037 567 etranr
1066 515 1156 588 atque

216 608 369 670 montibus
384 607 478 671 inseri
492 606 624 671 velutin
639 629 707 670 suo.

256 706 316 771 XI.
342 705 490 772 Ceterum
512 706 703 772 Britanniam
718 709 772 792 qui
788 707 932 772 mortales
955 707 1040 772 initio
1055 707 1157 770 coloe-1

214 811 282 886 rint,
305 808 466 894 indigenae
494 831 534 874 an
562 808 692 888 advecti,
715 822 750 873 ut
773 811 851 874 inter
871 810 1026 887 barbaros,
1049 830 1157 892 parum

214 922 417 996 compertum.
461 909 598 974 Habitus
627 931 791 992 corpomm
811 911 909 974 varii:
940 923 1043 994 atque(
1061 931 1100 972 ex
1121 931 1158 972 ec

213 1024 413 1096 argumenta3
436 1033 570 1095 namque
595 1012 705 1075 rutilae
730 1011 933 1103 Caledoniam
957 1010 1158 1075 habitantium
1206 1063 1218 1067 -

214 1133 330 1191 comae,
353 1113 457 1197 magni
485 1125 579 1188 artus,
611 1111 830 1176 Germanicam
859 1113 1008 1196 originem
1037 1133 1158 1176 asseve-

213 1226 289 1278 rant.
334 1215 472 1278 Silurum
508 1211 634 1276 colorati
665 1214 769 1277 vultus
806 1226 838 1277 et
873 1215 941 1277 torti
976 1214 1158 1298 plerumque

214 1319 313 1379 crines
357 1327 388 1379 et
429 1316 530 1400 posita
566 1328 670 1378 contra
706 1315 860 1401 Hispania
896 1315 1003 1378 Iberos
1039 1327 1159 1378 veteres

214 1419 370 1504 trajecisse
410 1440 525 1502 casque
563 1419 654 1482 sedes
695 1440 865 1502 occupasse
902 1408 996 1483 iidem
1024 1418 1158 1482 ‘faciunt
1242 1458 1251 1463 -

214 1521 351 1585 Proximi
375 1519 474 1584 Gallis
497 1533 527 1584 et
550 1521 666 1584 similes
690 1534 782 1599 sunt;
806 1543 861 1584 sen
885 1521 1012 1584 durante
1035 1521 1159 1606 originis

213 1625 254 1692 vi.
270 1645 337 1701 seu,
357 1624 608 1705 procurrentibus
623 1611 662 1686 in
684 1623 805 1687 dirersa
827 1625 925 1698 terris,
948 1623 1060 1704 positio
1081 1623 1160 1686 coeli

214 1725 392 1806 corporibus
414 1725 552 1788 habiturn
567 1724 670 1787 dedit:
693 1725 724 1786 in
743 1726 922 1787 universum
943 1738 1048 1787 tamen
1069 1725 1160 1786 aesti-

213 1827 320 1902 manti,
351 1825 459 1887 Gallos
482 1821 616 1887 vieinam
643 1821 778 1886 insulam
808 1846 977 1906 occupasse
1013 1824 1158 1887 credibile

215 1939 272 1990 est.
316 1925 437 1990 Eorum
466 1947 553 1988 sacra
575 1923 787 2008 deprehendas
816 1926 1067 2007 superstitionum
1091 1946 1158 2010 per·

215 2029 379 2091 suasione:
404 2047 505 2090 senno
534 2025 618 2090 haud
645 2026 779 2090 multum
807 2027 970 2104 diversus;
993 2027 1025 2090 in
1050 2026 1159 2108 depos-

215 2127 321 2194 cendis
346 2128 493 2215 periculis
517 2127 626 2191 eadem
655 2128 784 2192 audacia
806 2142 846 2206 et,
869 2127 923 2192 ubi
945 2128 1105 2206 advenere,
1129 2130 1160 2192 in

214 2231 418 2296 detrectandis
456 2231 566 2296 eadem
597 2231 735 2295 formido.
781 2230 859 2296 Plus
895 2243 999 2295 tamen
1027 2231 1160 2295 ferociae

214 2333 352 2398 Britanni
374 2334 559 2416 praeferunt,
575 2345 610 2396 ut
624 2355 702 2417 quos
718 2333 855 2397 nondum
875 2333 967 2417 longa
990 2355 1050 2415 pax
1065 2334 1160 2398 ernol-

215 2435 313 2499 lierit:
344 2456 416 2498 narn
440 2433 548 2496 Gallos
578 2456 702 2517 quoque
732 2436 764 2497 in
791 2435 881 2498 bellis
903 2435 1045 2498 flomisse
1074 2425 1160 2498 a'cce-

214 2538 336 2618 pimus:
361 2557 433 2598 mox
455 2535 585 2620 segnitia
601 2555 675 2598 cum
690 2536 752 2597 otio
774 2535 905 2610 intravit,
922 2537 1037 2598 amissa
1050 2537 1161 2599 virtute

214 2638 326 2720 pariter
354 2659 391 2700 ac
420 2636 581 2713 libertate3
611 2635 694 2719 quod
723 2634 940 2698 Britannorum
968 2636 1042 2698 olim
1071 2638 1160 2708 uictis¹

216 2739 336 2802 evcnit:
361 2739 455 2802 ceteri
469 2748 603 2813 manent,
620 2735 728 2819 quales
745 2733 829 2798 Galli
843 2734 977 2798 fuerunt.
1035 2785 1041 2789 .

258 2839 335 2904 XII.
358 2839 396 2902 In
417 2839 521 2921 pedite
542 2838 657 2900 robur:
682 2836 835 2922 quaedam
856 2837 995 2900 nationes
1018 2850 1048 2901 et
1070 2861 1161 2902 curru

216 2940 424 3022 proeliantur:
462 2937 618 3000 honestior
645 2938 761 3021 auriga,
792 2938 921 3002 clientes
958 2953 1161 3023 propugnant.

218 3040 302 3105 Olim
323 3039 448 3122 regibus
463 3037 620 3119 parebant,
635 3060 718 3102 nunc
739 3060 796 3124 per
808 3040 963 3122 principes
977 3039 1162 3102 factionibus

179 3202 182 3209 Δ
218 3155 248 3203 et
263 3141 372 3203 studiis
394 3139 573 3204 trahuntur:
597 3162 655 3205 nec
681 3141 766 3206 aliud
787 3142 935 3206 adversus
956 3139 1161 3204 ualidissimas

217 3255 325 3328 gentes
339 3264 395 3327 pro
417 3243 505 3306 nobis
528 3243 644 3322 utilius,
660 3266 755 3328 quarn
769 3243 852 3328 quod
867 3245 898 3306 in
913 3263 1077 3306 commune
1102 3263 1162 3306 nou

217 3343 392 3408 consulunt.
437 3343 541 3408 Rarus
556 3345 677 3409 duabus
699 3345 836 3409 tribusve
851 3344 1026 3408 civitatibus
1041 3343 1080 3408 ad
1094 3367 1162 3427 pro·

217 3445 404 3530 pulsandum
426 3467 590 3510 commune
612 3447 786 3530 periculum
807 3459 996 3511 conventus:
1020 3449 1071 3524 ita,
1088 3448 1163 3511 dum

219 3548 332 3636 singuli
356 3561 502 3634 pugnant,
518 3550 654 3614 universi
668 3551 841 3614 uincuntur.
888 3525 1021 3615 Ocelum
1048 3552 1163 3614 crebris

218 3651 368 3718 imbribus
404 3673 441 3714 ac
476 3651 598 3715 nebulis
634 3651 785 3716 foedum:
830 3653 979 3738 asperitas
1015 3652 1161 3737 frigorum

220 3754 316 3819 abest.
360 3753 492 3819 Dicrum
521 3756 619 3838 spatia
646 3754 726 3820 ultra
753 3755 848 3820 nostri
871 3756 953 3819 orbis
976 3775 1157 3831 mensuram
