2770 4324
240 363 282 424 60
566 381 596 424 c.
620 381 716 425 cortu.
740 381 851 424 ruem

283 527 422 592 XXVII.
448 513 548 614 Cujus
561 529 752 594 couscientia
762 551 799 592 ac
813 529 895 592 fama
909 529 995 592 ferox
1017 550 1108 594 exerc
1122 541 1176 613 tus,

240 629 315 694 nihil
335 632 439 694 virtuti
467 653 542 694 suae
563 631 702 694 invium:
728 630 946 712 penetrandam
969 631 1177 710 Caledoniam,

239 729 518 814 inveniendumque
546 731 670 794 tandem
698 729 872 794 Britanniae
908 734 1074 796 terminum
1109 755 1179 796 con·

239 833 324 896 tinuo
349 833 535 914 proeliorum
556 853 660 908 cursu,
682 832 872 895 fremebant:
896 845 988 916 atque
1016 833 1061 896 illi
1089 833 1180 896 modo

185 1017 193 1026 .
239 935 319 997 cauti
336 955 373 997 ac
388 935 551 1016 sapientes,
567 933 699 1018 prompti
712 931 791 1019 ‘post
812 947 957 997 eventurn
977 956 1013 997 ac
1031 933 1181 1018 magnilo-

239 1037 410 1118 quierant.
454 1029 655 1120 Iniquissima
675 1035 753 1100 hacc
780 1035 934 1100 bellorum
955 1037 1088 1100 conditio
1114 1049 1179 1100 est:

237 1159 383 1222 prospera
408 1158 515 1200 omnes
542 1137 601 1200 sibi
622 1136 786 1214 vindicant,
805 1137 934 1200 adversa
955 1138 1009 1200 uni
1030 1139 1181 1219 imputari·
1217 1203 1222 1208 ,

237 1251 296 1303 tur.
340 1240 383 1302 At
409 1237 547 1302 Britanni
568 1259 629 1302 non
650 1237 772 1315 virtute,
797 1237 853 1300 sed
874 1239 1036 1302 occasione
1062 1252 1093 1302 et
1118 1251 1181 1302 arte

238 1339 326 1402 ducis
351 1340 418 1416 rati,
443 1338 519 1402 nihil
546 1360 585 1402 ex
609 1339 780 1422 arrogantia
803 1338 968 1415 remittere,
985 1360 1053 1422 quo
1077 1340 1181 1402 minus

234 1437 436 1525 ‘juventutem
455 1452 616 1518 armarent,
632 1439 781 1526 conjuges
803 1461 841 1503 ac
861 1440 974 1504 liberos
989 1441 1020 1503 in
1034 1440 1103 1504 loca
1116 1453 1182 1504 tuta

238 1543 443 1621 transferrent,
480 1543 620 1607 coetibus
657 1564 694 1606 ac
731 1525 889 1606 sacrificiis
926 1543 1182 1624 conspirationem

238 1647 396 1710 civitatum
412 1647 578 1709 sancirent:
601 1657 692 1729 atque
708 1646 750 1708 ita
764 1645 886 1726 irritatis
902 1646 1055 1728 utrimque
1071 1645 1181 1708 anImis

238 1747 423 1809 discessum.
484 1809 486 1822 ‚
987 1739 991 1745 ¹
1210 1807 1211 1810 ,

280 1845 437 1909 XXVIII.
467 1844 589 1910 Eadem
623 1859 739 1908 aestate
769 1846 877 1908 cohors
907 1845 1098 1931 Usipiorum,
1127 1869 1182 1928 per

239 1948 423 2012 Germanias
463 1949 644 2033 conscripta,
694 1952 726 2011 in
764 1941 954 2012 Britanniam
991 1950 1190 2028 transmissa¹

238 2072 386 2134 magnum
414 2071 451 2112 ac
480 2049 678 2114 memorabile
707 2049 827 2113 lacinus
858 2072 935 2113 ausa
964 2063 1039 2136 est·
1067 2049 1181 2114 Occiso

238 2153 415 2216 centurione
434 2174 471 2215 ac
492 2153 652 2229 militibus,
668 2152 721 2236 qui
736 2151 775 2215 ad
789 2151 968 2218 tradendam
989 2152 1182 2235 disciplinam

238 2255 369 2318 immixti
383 2255 548 2340 manipulis
575 2255 804 2337 exemplum'et
824 2267 959 2319 rectores
981 2254 1180 2333 habebantur,

238 2369 299 2419 tres
314 2356 491 2432 liburnicas,
508 2357 625 2421 adactis
647 2358 780 2438 pervim
794 2357 1058 2441 gubernatoribus
1075 2379 1182 2421 asceu-

238 2458 335 2520 dere:
373 2469 404 2520 et
434 2479 496 2519 uno
531 2459 710 2540 remigante,
742 2460 895 2538 suspectis
924 2458 1046 2522 duobus
1083 2471 1181 2543 eoque

202 2576 206 2582 ’
238 2556 415 2634 interfectis,
445 2557 582 2620 nondum
617 2557 741 2640 vulgato
776 2579 899 2620 rumore
927 2571 962 2621 ut
997 2560 1196 2623 miraculum·

237 2658 518 2741 praevehebantur:
546 2679 619 2721 mox
646 2657 705 2732 hac
733 2669 824 2742 atque
853 2659 905 2721 illa
932 2660 1019 2741 rapti,
1050 2672 1082 2722 et
1108 2682 1181 2724 cum

238 2762 390 2846 plerisque
405 2760 630 2837 Britannorum,
645 2781 703 2824 sua
716 2759 952 2842 defensantium,
967 2760 1084 2842 proelio
1110 2783 1181 2824 con-

239 2866 347 2946 gressi,
371 2885 408 2926 ac
431 2885 522 2944 saepe
543 2863 685 2939 victores,
708 2861 871 2946 aliquando
892 2863 984 2945 pulsi,
1008 2885 1045 2927 eo
1069 2863 1108 2928 ad
1130 2887 1181 2928 ex·

239 2977 372 3028 tremum
394 2965 514 3045 inopiae
528 2984 650 3040 venere,
666 2975 702 3026 ut
716 2963 941 3028 infirmissimos
957 2987 1093 3042 suorum,
1109 2988 1182 3030 mox

239 3078 319 3129 sorte
370 3064 487 3147 ductos,
544 3073 754 3132 vescerentur.
826 3066 935 3152 Atque
982 3068 1181 3131 circumvecti

239 3161 439 3244 Britanniam,
469 3167 592 3231 amissis
620 3190 676 3250 per
703 3170 856 3232 inscitiam
883 3169 1011 3252 regendi
1040 3169 1180 3245 navibus,

239 3290 292 3349 pro
329 3267 533 3349 praedonibus
564 3269 669 3348 habiti,
700 3272 834 3352 primum
862 3293 881 3333 a
911 3270 1033 3346 Suavis,
1063 3291 1136 3332 mox
1163 3293 1182 3334 a

240 3367 347 3432 Frisiis
362 3370 521 3452 intercepti
544 3383 634 3434 suut:
658 3393 694 3434 ac
708 3372 805 3447 fuere,
823 3393 900 3454 quos
921 3393 977 3452 per
996 3361 1182 3436 commercia

239 3471 440 3535 venumdatos
470 3484 501 3536 et
529 3475 561 3536 in
589 3485 724 3536 nostram
751 3495 852 3556 usque
867 3475 979 3558 ripam
1014 3475 1180 3538 mutatione

240 3573 409 3637 ementium
431 3573 588 3652 adductos
605 3574 753 3638 iudicium
767 3577 842 3639 tanti
859 3597 950 3638 casus
965 3575 1138 3640 illustravit.

280 3669 397 3738 XXIX,
421 3675 512 3740 Initio
534 3678 658 3739 aestatis
680 3678 835 3761 Agricola,
860 3677 1031 3742 domestico
1055 3677 1178 3740 vulnere

244 3776 329 3840 ctus.
347 3799 426 3839 anno
449 3791 517 3842 anto
540 3791 644 3842 natum
667 3779 764 3843 tilium
787 3783 898 3843 amisit.
946 3779 1049 3852 Quem
1073 3798 1178 3841 casum
