2772 4322
589 361 757 404 asareem.
1106 347 1146 404 5³

211 508 339 594 jugum:
371 521 401 572 et
422 509 558 586 flumine,
588 532 649 574 non
672 510 809 585 Oceano,
831 507 971 574 defendi:
1007 509 1066 573 sibi
1093 531 1144 592 pa·

207 611 303 687 triam,
327 611 483 696 conjuges,
506 623 657 693 parentes,
681 612 741 675 illis
764 612 921 676 avaritiam
943 622 974 675 et
993 611 1147 675 luxuriam

133 737 154 782 ,·
205 732 315 775 causas
350 713 424 777 belli
460 734 540 776 esse.
605 711 810 790 Recessuros,
848 725 883 777 ut
917 712 1007 776 divus
1043 706 1146 776 Julius

204 813 396 888 recessisset,
417 813 509 878 modo
529 815 658 876 virtutes
687 813 836 897 majorum
863 834 990 877 suorum
1011 813 1146 902 aemula·

204 925 316 976 rentur.
361 913 450 977 Neve
464 914 573 996 proelii
586 915 679 977 unius
694 925 748 976 aut
764 913 888 976 alterius
904 925 1017 976 eventu
1037 936 1146 995 paves-

204 1031 329 1078 cerent:
366 1015 438 1100 plus
466 1017 608 1098 impetus,
629 1015 776 1099 majorem
807 1016 1019 1091 constantiam,
1049 1037 1146 1096 penes

205 1118 334 1180 miseros
350 1139 430 1180 esse.
474 1115 546 1180 Jam
561 1115 776 1181 Britannorum
792 1118 885 1180 etiam
899 1116 975 1179 deos
996 1118 1145 1192 misereri,

204 1219 257 1300 qui
272 1217 449 1282 Romanum
463 1218 576 1282 ducem
597 1220 765 1295 absentem,
781 1219 835 1302 qui
856 1218 1026 1301 relegatum
1041 1218 1071 1280 in
1086 1217 1145 1280 alia
1203 1293 1206 1300 Δ

204 1320 303 1382 insula
318 1319 486 1383 exercitum
500 1320 688 1384 detinerent:
709 1320 773 1404 jam
795 1321 890 1403 ipsos„
906 1319 989 1403 quod
1003 1318 1145 1382 difficilli-

205 1443 290 1498 mum
315 1421 417 1496 fuerit,
444 1420 631 1483 deliberare:
661 1442 750 1501 porro
773 1422 805 1484 in
831 1420 982 1504 ejusmodi
1008 1421 1145 1484 consiliis

183 1503 407 1626 bp‘ericulosius
422 1542 492 1582 esse
507 1519 702 1601 deprehendi,
718 1542 812 1603 quam
826 1521 950 1584 audere.

67 1671 68 1674 ,
165 1640 183 1702 ,ν
247 1619 336 1684 XVI.
359 1619 420 1684 His
436 1633 527 1705 etque
546 1620 658 1684 talibus
673 1623 806 1685 invicem
820 1623 963 1700 instincti,
979 1621 1143 1698 Boudicca,

121 1717 166 1808 =c*
203 1744 241 1805 ge
282 1723 324 1786 ris
352 1723 429 1806 regii
457 1722 580 1800 femina,
610 1722 689 1788 duce
719 1724 834 1809 (neque
864 1725 946 1787 enim
976 1745 1085 1788 sexum
1114 1725 1145 1786 in

110 1812 134 1900 ,¹
201 1744 341 2009 §pariis
370 1824 561 1906 discernunt)
583 1847 743 1907 sumpsere
772 1827 907 1890 universi
935 1826 1077 1890 bellurn:
1108 1847 1144 1889 ac

67 1890 104 2014 li
183 1919 204 2030 ‘l
242 1947 326 1990 ursos
361 1948 416 2008 per
452 1927 577 1990 castella
612 1926 726 1992 milites
755 1928 932 2002 consectati,
963 1929 1144 2011 expugnatis

65 2073 105 2130 L*
157 2006 373 2111 ltpraesidiis,
397 2029 497 2110 ipsam
518 2028 669 2092 coloniam
692 2031 841 2104 invasere,
865 2041 900 2092 ut
922 2029 1028 2092 sedern
1051 2031 1144 2092 servi·

118 2041 170 2292 &l
204 2130 298 2192 tutis:
321 2151 379 2192 nec
405 2130 505 2192 ullum
530 2131 562 2192 in
588 2130 723 2192 barbaris
747 2130 891 2192 saevitiae
914 2151 1012 2211 genus
1042 2133 1143 2192 omisit

204 2230 248 2291 ira
270 2242 301 2291 et
321 2231 457 2292 victorie.
503 2229 597 2302 Quod
618 2230 678 2290 nisi
700 2228 872 2305 Paullinus,
890 2231 1011 2311 cognito
1026 2231 1144 2312 provin·

204 2330 270 2390 ciee
306 2342 403 2404 motu,
438 2349 566 2412 propere
604 2328 807 2405 subvenisset,
839 2330 954 2392 amissa
990 2329 1144 2392 Britannia

204 2429 302 2492 foret:
332 2451 426 2514 quem
453 2431 546 2493 unius
573 2430 681 2512 proelii
709 2430 830 2494 fortuna
857 2431 953 2493 veteri
980 2433 1143 2512 patientiae

113 2572 115 2582 ,
204 2532 344 2608 restituit,
360 2531 534 2595 tenentibus
556 2553 640 2594 arma
664 2532 829 2615 plerisque,
853 2553 931 2616 quos
958 2535 1144 2596 conscientia
1219 2533 1220 2538 ’

208 2626 386 2692 defectionis
413 2633 444 2689 et
467 2624 593 2710 propius
623 2646 663 2689 ex
684 2625 789 2710 legato
811 2624 904 2690 timor
929 2625 1079 2712 agitabat,
1095 2649 1143 2708 ne,

204 2747 382 2811 quanquam
393 2723 538 2811 egregius
550 2732 662 2804 cetera,
678 2730 859 2807 arroganter
869 2722 903 2786 in
918 2721 1038 2786 deditos
1054 2731 1093 2804 et,
1109 2734 1144 2788 ut

205 2845 280 2887 suae
294 2844 414 2907 quoque
428 2822 561 2907 injurrae
571 2821 661 2901 ultor,
678 2820 785 2884 durius
796 2820 978 2884 consuleret.
994 2809 1143 2898 {Missus

203 2921 301 3004 igitur
315 2919 478 3005 Petronius
494 2919 704 3003 Turpilianus,
720 2927 870 3005 tanquam
885 2918 1085 2998 exorabilior:
1112 2930 1144 2984 et

204 3018 325 3082 delictis
340 3018 476 3082 hostium
489 3037 595 3097 novus,
608 3038 705 3101 eoque
718 3016 926 3100 poenitentiae
935 3017 1049 3100 mitior,
1065 3041 1142 3084 com-

150 3175 154 3198 ,
176 3167 181 3176 a
202 3117 311 3200 positis
335 3115 498 3200 prioribus,
520 3114 598 3178 nihil
612 3115 696 3178 ultra
710 3135 813 3196 ausus,
829 3115 985 3180 Trebellio
1004 3116 1143 3183 Maximo

201 3215 389 3299 provinciam
398 3213 537 3278 tradidit.
581 3196 755 3277 Trebellius
772 3215 904 3298 segnior,
920 3223 952 3278 et
966 3216 1061 3281 nullis
1076 3239 1141 3282 cas-

201 3324 319 3378 trorum
334 3312 561 3397 experimentis,
577 3311 720 3376 comitate
735 3310 869 3396 quadam
880 3313 1009 3378 curandi
1023 3314 1140 3399 provin·

201 3412 285 3498 eiam
301 3413 410 3476 tenuit.
454 3411 600 3477 Didicere
617 3410 685 3494 jam
698 3408 824 3474 barbari
845 3431 966 3496 quoque
980 3412 1139 3497 ignoscere

201 3509 285 3574 vitiis
299 3509 551 3573 blandientibus:
575 3516 607 3572 et
628 3508 821 3574 interventus
837 3508 973 3575 civilium
987 3533 1139 3576 armorum
1195 3533 1196 3538 ¹

202 3606 343 3690 praebuit
353 3608 473 3692 justam
487 3605 639 3692 segnitiae
650 3607 896 3672 exeusationem:
919 3609 974 3672 sed
990 3607 1139 3672 discordia

202 3710 380 3790 laboratum,
407 3731 477 3774 oum
513 3717 655 3775 assuetus
686 3709 932 3794 expeditionibus
963 3709 1050 3813 miles
1079 3710 1139 3775 otio
