<?xml version="1.0" encoding="UTF-8"?>
<!DOCTYPE html PUBLIC "-//W3C//DTD XHTML 1.0 Transitional//EN"
    "http://www.w3.org/TR/xhtml1/DTD/xhtml1-transitional.dtd">
<html xmlns="http://www.w3.org/1999/xhtml" xml:lang="en" lang="en">
 <head>
  <title>
</title>
<meta http-equiv="Content-Type" content="text/html;charset=utf-8" />
  <meta name='ocr-system' content='tesseract 3.04.00' />
  <meta name='ocr-capabilities' content='ocr_page ocr_carea ocr_par ocr_line ocrx_word'/>
</head>
<body>
  <div class='ocr_page' id='page_1' title='image "./germaniaandagri03tacigoog/germaniaandagri03tacigoog_0087.png"; bbox 0 0 2770 4324; ppageno 0'>
   <div class='ocr_carea' id='block_1_1' title="bbox 226 306 835 368">
    <p class='ocr_par' dir='ltr' id='par_1_1' title="bbox 226 306 835 368">
     <span class='ocr_line' id='line_1_1' title="bbox 226 306 835 368; baseline -0.007 0"><span class='ocrx_word' id='word_1_1' title='bbox 226 306 268 368; x_wconf 78' lang='lat'><strong>70</strong></span> <span class='ocrx_word' id='word_1_2' title='bbox 552 325 582 366; x_wconf 89' lang='lat' dir='ltr'><strong>c.</strong></span> <span class='ocrx_word' id='word_1_3' title='bbox 606 321 711 366; x_wconf 72' lang='lat' dir='ltr'><strong>coma·</strong></span> <span class='ocrx_word' id='word_1_4' title='bbox 729 321 835 365; x_wconf 77' lang='lat' dir='ltr'><strong>rrcrrr</strong></span> 
     </span>
    </p>
   </div>
   <div class='ocr_carea' id='block_1_2' title="bbox 147 467 1259 3796">
    <p class='ocr_par' dir='ltr' id='par_1_2' title="bbox 147 467 1259 3796">
     <span class='ocr_line' id='line_1_2' title="bbox 228 467 1175 554; baseline -0.004 -20"><span class='ocrx_word' id='word_1_5' title='bbox 228 471 283 535; x_wconf 87' lang='lat' dir='ltr'><strong>sed</strong></span> <span class='ocrx_word' id='word_1_6' title='bbox 305 471 343 534; x_wconf 88' lang='lat' dir='ltr'><strong>de</strong></span> <span class='ocrx_word' id='word_1_7' title='bbox 366 470 499 536; x_wconf 84' lang='lat' dir='ltr'><strong>hibernis</strong></span> <span class='ocrx_word' id='word_1_8' title='bbox 518 470 682 554; x_wconf 80' lang='lat' dir='ltr'><strong>legionum</strong></span> <span class='ocrx_word' id='word_1_9' title='bbox 707 481 738 533; x_wconf 88' lang='lat' dir='ltr'><strong>et</strong></span> <span class='ocrx_word' id='word_1_10' title='bbox 761 469 958 552; x_wconf 84' lang='lat' dir='ltr'>possessione</span> <span class='ocrx_word' id='word_1_11' title='bbox 982 467 1175 534; x_wconf 72' lang='lat' dir='ltr'><strong>dubitatum·</strong></span> 
     </span>
     <span class='ocr_line' id='line_1_3' title="bbox 228 570 1165 656; baseline 0 -22"><span class='ocrx_word' id='word_1_12' title='bbox 228 572 284 648; x_wconf 90' lang='lat' dir='ltr'><strong>Ita,</strong></span> <span class='ocrx_word' id='word_1_13' title='bbox 305 594 378 635; x_wconf 89' lang='lat' dir='ltr'><strong>cum</strong></span> <span class='ocrx_word' id='word_1_14' title='bbox 399 570 510 634; x_wconf 87' lang='lat' dir='ltr'><strong>damna</strong></span> <span class='ocrx_word' id='word_1_15' title='bbox 530 571 650 636; x_wconf 86' lang='lat' dir='ltr'><strong>daurnis</strong></span> <span class='ocrx_word' id='word_1_16' title='bbox 673 572 921 636; x_wconf 82' lang='lat' dir='ltr'><strong>continuarentur</strong></span> <span class='ocrx_word' id='word_1_17' title='bbox 948 583 1040 656; x_wconf 89' lang='lat' dir='ltr'><strong>atque</strong></span> <span class='ocrx_word' id='word_1_18' title='bbox 1066 571 1165 635; x_wconf 85' lang='lat' dir='ltr'><strong>omnis</strong></span> 
     </span>
     <span class='ocr_line' id='line_1_4' title="bbox 227 672 1167 756; baseline -0.002 -20"><span class='ocrx_word' id='word_1_19' title='bbox 227 695 324 736; x_wconf 89' lang='lat' dir='ltr'><strong>annus</strong></span> <span class='ocrx_word' id='word_1_20' title='bbox 346 672 506 736; x_wconf 83' lang='lat' dir='ltr'><strong>funeribus</strong></span> <span class='ocrx_word' id='word_1_21' title='bbox 528 684 559 735; x_wconf 92' lang='lat' dir='ltr'><strong>et</strong></span> <span class='ocrx_word' id='word_1_22' title='bbox 580 672 719 736; x_wconf 84' lang='lat' dir='ltr'><strong>cladibus</strong></span> <span class='ocrx_word' id='word_1_23' title='bbox 747 673 953 756; x_wconf 85' lang='lat' dir='ltr'><strong>insigniretur,</strong></span> <span class='ocrx_word' id='word_1_24' title='bbox 983 673 1167 754; x_wconf 90' lang='lat' dir='ltr'><strong>poscebatur</strong></span> 
     </span>
     <span class='ocr_line' id='line_1_5' title="bbox 226 773 1162 859; baseline -0.001 -22"><span class='ocrx_word' id='word_1_25' title='bbox 226 795 277 837; x_wconf 89' lang='lat' dir='ltr'><strong>ore</strong></span> <span class='ocrx_word' id='word_1_26' title='bbox 293 773 376 858; x_wconf 84' lang='lat' dir='ltr'><strong>vulgi</strong></span> <span class='ocrx_word' id='word_1_27' title='bbox 399 774 463 837; x_wconf 80' lang='lat' dir='ltr'><strong>dux</strong></span> <span class='ocrx_word' id='word_1_28' title='bbox 483 773 646 857; x_wconf 88' lang='lat' dir='ltr'><strong>Agricola:</strong></span> <span class='ocrx_word' id='word_1_29' title='bbox 671 775 918 859; x_wconf 88' lang='lat' dir='ltr'><strong>comparantibus</strong></span> <span class='ocrx_word' id='word_1_30' title='bbox 940 775 1059 838; x_wconf 89' lang='lat' dir='ltr'><strong>cunctis</strong></span> <span class='ocrx_word' id='word_1_31' title='bbox 1080 775 1162 858; x_wconf 86' lang='lat' dir='ltr'><strong>vigo·</strong></span> 
     </span>
     <span class='ocr_line' id='line_1_6' title="bbox 225 875 1176 956; baseline 0 -19"><span class='ocrx_word' id='word_1_32' title='bbox 225 897 317 953; x_wconf 65' lang='lat' dir='ltr'><strong>rem,</strong></span> <span class='ocrx_word' id='word_1_33' title='bbox 331 875 533 938; x_wconf 88' lang='lat' dir='ltr'><strong>constantiam</strong></span> <span class='ocrx_word' id='word_1_34' title='bbox 561 885 592 937; x_wconf 89' lang='lat' dir='ltr'><strong>et</strong></span> <span class='ocrx_word' id='word_1_35' title='bbox 621 888 780 956; x_wconf 88' lang='lat' dir='ltr'><strong>expertum</strong></span> <span class='ocrx_word' id='word_1_36' title='bbox 807 875 897 940; x_wconf 93' lang='lat' dir='ltr'><strong>bellis</strong></span> <span class='ocrx_word' id='word_1_37' title='bbox 926 877 1065 940; x_wconf 86' lang='lat' dir='ltr'><strong>animum</strong></span> <span class='ocrx_word' id='word_1_38' title='bbox 1092 895 1176 938; x_wconf 47' lang='lat' dir='ltr'><strong>oum*</strong></span> 
     </span>
     <span class='ocr_line' id='line_1_7' title="bbox 226 975 1165 1051; baseline -0.001 -12"><span class='ocrx_word' id='word_1_39' title='bbox 226 978 333 1040; x_wconf 91' lang='lat' dir='ltr'><strong>inertia</strong></span> <span class='ocrx_word' id='word_1_40' title='bbox 359 988 389 1040; x_wconf 90' lang='lat' dir='ltr'><strong>et</strong></span> <span class='ocrx_word' id='word_1_41' title='bbox 411 975 573 1039; x_wconf 84' lang='lat' dir='ltr'><strong>formidine</strong></span> <span class='ocrx_word' id='word_1_42' title='bbox 600 989 781 1040; x_wconf 89' lang='lat' dir='ltr'><strong>ceterorum.</strong></span> <span class='ocrx_word' id='word_1_43' title='bbox 825 975 949 1051; x_wconf 84' lang='lat' dir='ltr'><strong>Quibus</strong></span> <span class='ocrx_word' id='word_1_44' title='bbox 972 976 1165 1040; x_wconf 81' lang='lat' dir='ltr'><strong>sermonibus</strong></span> 
     </span>
     <span class='ocr_line' id='line_1_8' title="bbox 168 1074 1167 1178; baseline 0.001 -39"><span class='ocrx_word' id='word_1_45' title='bbox 168 1084 202 1178; x_wconf 66' lang='lat'><em>†</em></span> <span class='ocrx_word' id='word_1_46' title='bbox 226 1078 300 1141; x_wconf 85' lang='lat' dir='ltr'><strong>satis</strong></span> <span class='ocrx_word' id='word_1_47' title='bbox 315 1089 434 1142; x_wconf 87' lang='lat' dir='ltr'><strong>constat</strong></span> <span class='ocrx_word' id='word_1_48' title='bbox 452 1074 620 1160; x_wconf 89' lang='lat' dir='ltr'><strong>Domitiani</strong></span> <span class='ocrx_word' id='word_1_49' title='bbox 642 1097 764 1160; x_wconf 87' lang='lat' dir='ltr'><strong>quoque</strong></span> <span class='ocrx_word' id='word_1_50' title='bbox 786 1099 876 1140; x_wconf 83' lang='lat' dir='ltr'><strong>aures</strong></span> <span class='ocrx_word' id='word_1_51' title='bbox 890 1077 1075 1170; x_wconf 78' lang='lat' dir='ltr'><strong>verberatas,</strong></span> <span class='ocrx_word' id='word_1_52' title='bbox 1092 1076 1167 1140; x_wconf 93' lang='lat' dir='ltr'><strong>dum</strong></span> 
     </span>
     <span class='ocr_line' id='line_1_9' title="bbox 226 1177 1166 1261; baseline -0.003 -18"><span class='ocrx_word' id='word_1_53' title='bbox 226 1181 359 1260; x_wconf 90' lang='lat' dir='ltr'><strong>optimus</strong></span> <span class='ocrx_word' id='word_1_54' title='bbox 388 1178 519 1261; x_wconf 89' lang='lat' dir='ltr'><strong>quisque</strong></span> <span class='ocrx_word' id='word_1_55' title='bbox 546 1177 725 1240; x_wconf 89' lang='lat' dir='ltr'><strong>libertorum</strong></span> <span class='ocrx_word' id='word_1_56' title='bbox 752 1199 856 1240; x_wconf 88' lang='lat' dir='ltr'><strong>amore</strong></span> <span class='ocrx_word' id='word_1_57' title='bbox 886 1189 917 1240; x_wconf 90' lang='lat' dir='ltr'><strong>et</strong></span> <span class='ocrx_word' id='word_1_58' title='bbox 944 1178 1015 1254; x_wconf 88' lang='lat' dir='ltr'><strong>fide,</strong></span> <span class='ocrx_word' id='word_1_59' title='bbox 1037 1177 1166 1258; x_wconf 83' lang='lat' dir='ltr'><strong>pessimi</strong></span> 
     </span>
     <span class='ocr_line' id='line_1_10' title="bbox 225 1277 1165 1364; baseline -0.004 -20"><span class='ocrx_word' id='word_1_60' title='bbox 225 1281 412 1364; x_wconf 79' lang='lat' dir='ltr'><strong>malignitate</strong></span> <span class='ocrx_word' id='word_1_61' title='bbox 438 1291 469 1341; x_wconf 88' lang='lat' dir='ltr'><strong>et</strong></span> <span class='ocrx_word' id='word_1_62' title='bbox 493 1278 597 1354; x_wconf 87' lang='lat' dir='ltr'><strong>livore,</strong></span> <span class='ocrx_word' id='word_1_63' title='bbox 620 1299 750 1359; x_wconf 90' lang='lat' dir='ltr'><strong>pronum</strong></span> <span class='ocrx_word' id='word_1_64' title='bbox 771 1277 972 1342; x_wconf 87' lang='lat' dir='ltr'><strong>deterioribus</strong></span> <span class='ocrx_word' id='word_1_65' title='bbox 997 1277 1165 1360; x_wconf 85' lang='lat' dir='ltr'><strong>principem</strong></span> 
     </span>
     <span class='ocr_line' id='line_1_11' title="bbox 226 1377 1165 1464; baseline -0.002 -20"><span class='ocrx_word' id='word_1_66' title='bbox 226 1377 470 1444; x_wconf 81' lang='lat' dir='ltr'><strong>exstimulabant.</strong></span> <span class='ocrx_word' id='word_1_67' title='bbox 516 1379 571 1443; x_wconf 85' lang='lat' dir='ltr'><strong>Sic</strong></span> <span class='ocrx_word' id='word_1_68' title='bbox 599 1379 744 1464; x_wconf 85' lang='lat' dir='ltr'><strong>Agricola</strong></span> <span class='ocrx_word' id='word_1_69' title='bbox 778 1380 871 1444; x_wconf 90' lang='lat' dir='ltr'><strong>simul</strong></span> <span class='ocrx_word' id='word_1_70' title='bbox 899 1381 964 1444; x_wconf 90' lang='lat' dir='ltr'><strong>suis</strong></span> <span class='ocrx_word' id='word_1_71' title='bbox 992 1379 1165 1455; x_wconf 86' lang='lat' dir='ltr'><strong>virtutibus,</strong></span> 
     </span>
     <span class='ocr_line' id='line_1_12' title="bbox 227 1481 1167 1564; baseline -0.002 -20"><span class='ocrx_word' id='word_1_72' title='bbox 227 1481 319 1544; x_wconf 89' lang='lat' dir='ltr'><strong>simul</strong></span> <span class='ocrx_word' id='word_1_73' title='bbox 340 1482 422 1544; x_wconf 89' lang='lat' dir='ltr'><strong>vitiis</strong></span> <span class='ocrx_word' id='word_1_74' title='bbox 445 1481 584 1557; x_wconf 88' lang='lat' dir='ltr'><strong>aliorum,</strong></span> <span class='ocrx_word' id='word_1_75' title='bbox 601 1481 633 1544; x_wconf 93' lang='lat' dir='ltr'><strong>in</strong></span> <span class='ocrx_word' id='word_1_76' title='bbox 654 1481 754 1562; x_wconf 88' lang='lat' dir='ltr'><strong>ipsam</strong></span> <span class='ocrx_word' id='word_1_77' title='bbox 775 1481 904 1562; x_wconf 78' lang='lat' dir='ltr'><strong>gloriam</strong></span> <span class='ocrx_word' id='word_1_78' title='bbox 925 1502 1073 1564; x_wconf 88' lang='lat' dir='ltr'><strong>praeceps</strong></span> <span class='ocrx_word' id='word_1_79' title='bbox 1095 1501 1167 1564; x_wconf 88' lang='lat' dir='ltr'><strong>agc-</strong></span> 
     </span>
     <span class='ocr_line' id='line_1_13' title="bbox 226 1584 324 1648; baseline 0.01 -4"><span class='ocrx_word' id='word_1_80' title='bbox 226 1584 324 1648; x_wconf 89' lang='lat' dir='ltr'><strong>batur.</strong></span> 
     </span>
     <span class='ocr_line' id='line_1_14' title="bbox 267 1681 1168 1768; baseline 0.004 -24"><span class='ocrx_word' id='word_1_81' title='bbox 267 1681 363 1745; x_wconf 88' lang='lat' dir='ltr'><strong>XLII.</strong></span> <span class='ocrx_word' id='word_1_82' title='bbox 407 1684 522 1747; x_wconf 87' lang='lat' dir='ltr'><strong>Aderat</strong></span> <span class='ocrx_word' id='word_1_83' title='bbox 560 1683 625 1767; x_wconf 89' lang='lat' dir='ltr'><strong>jam</strong></span> <span class='ocrx_word' id='word_1_84' title='bbox 669 1705 778 1760; x_wconf 75' lang='lat' dir='ltr'><strong>annue,</strong></span> <span class='ocrx_word' id='word_1_85' title='bbox 822 1706 886 1768; x_wconf 87' lang='lat' dir='ltr'><strong>quo</strong></span> <span class='ocrx_word' id='word_1_86' title='bbox 918 1683 1168 1766; x_wconf 88' lang='lat' dir='ltr'><strong>proconsulatum</strong></span> 
     </span>
     <span class='ocr_line' id='line_1_15' title="bbox 228 1784 1167 1869; baseline 0 -22"><span class='ocrx_word' id='word_1_87' title='bbox 228 1787 321 1848; x_wconf 86' lang='lat' dir='ltr'><strong>Asiae</strong></span> <span class='ocrx_word' id='word_1_88' title='bbox 344 1797 375 1847; x_wconf 90' lang='lat' dir='ltr'><strong>et</strong></span> <span class='ocrx_word' id='word_1_89' title='bbox 396 1784 520 1848; x_wconf 87' lang='lat' dir='ltr'><strong>Africae</strong></span> <span class='ocrx_word' id='word_1_90' title='bbox 551 1785 716 1860; x_wconf 86' lang='lat' dir='ltr'><strong>sortiretur,</strong></span> <span class='ocrx_word' id='word_1_91' title='bbox 740 1797 771 1847; x_wconf 89' lang='lat' dir='ltr'><strong>et</strong></span> <span class='ocrx_word' id='word_1_92' title='bbox 799 1786 903 1847; x_wconf 89' lang='lat' dir='ltr'><strong>occiso</strong></span> <span class='ocrx_word' id='word_1_93' title='bbox 933 1784 1041 1848; x_wconf 89' lang='lat' dir='ltr'><strong>Civica</strong></span> <span class='ocrx_word' id='word_1_94' title='bbox 1067 1806 1167 1869; x_wconf 87' lang='lat' dir='ltr'><strong>nuper</strong></span> 
     </span>
     <span class='ocr_line' id='line_1_16' title="bbox 157 1883 1168 1968; baseline -0.003 -16"><span class='ocrx_word' id='word_1_95' title='bbox 157 1946 161 1952; x_wconf 90' lang='lat'>.</span> <span class='ocrx_word' id='word_1_96' title='bbox 228 1907 284 1948; x_wconf 90' lang='lat' dir='ltr'><strong>nec</strong></span> <span class='ocrx_word' id='word_1_97' title='bbox 299 1884 462 1968; x_wconf 87' lang='lat' dir='ltr'><strong>Agricolae</strong></span> <span class='ocrx_word' id='word_1_98' title='bbox 484 1885 647 1948; x_wconf 90' lang='lat' dir='ltr'><strong>consilium</strong></span> <span class='ocrx_word' id='word_1_99' title='bbox 661 1885 776 1961; x_wconf 88' lang='lat' dir='ltr'><strong>deerat,</strong></span> <span class='ocrx_word' id='word_1_100' title='bbox 791 1907 850 1949; x_wconf 90' lang='lat' dir='ltr'><strong>nec</strong></span> <span class='ocrx_word' id='word_1_101' title='bbox 865 1883 1042 1950; x_wconf 88' lang='lat' dir='ltr'><strong>Domitiano</strong></span> <span class='ocrx_word' id='word_1_102' title='bbox 1064 1907 1168 1950; x_wconf 83' lang='lat' dir='ltr'><strong>exem·</strong></span> 
     </span>
     <span class='ocr_line' id='line_1_17' title="bbox 227 1985 1168 2071; baseline 0 -21"><span class='ocrx_word' id='word_1_103' title='bbox 227 1987 324 2068; x_wconf 91' lang='lat' dir='ltr'><strong>plum.</strong></span> <span class='ocrx_word' id='word_1_104' title='bbox 381 1987 553 2049; x_wconf 85' lang='lat' dir='ltr'><strong>Accessere</strong></span> <span class='ocrx_word' id='word_1_105' title='bbox 592 1985 718 2069; x_wconf 88' lang='lat' dir='ltr'><strong>quidam</strong></span> <span class='ocrx_word' id='word_1_106' title='bbox 760 1988 980 2071; x_wconf 87' lang='lat' dir='ltr'><strong>cogitationum</strong></span> <span class='ocrx_word' id='word_1_107' title='bbox 1021 1989 1168 2070; x_wconf 89' lang='lat' dir='ltr'><strong>principis</strong></span> 
     </span>
     <span class='ocr_line' id='line_1_18' title="bbox 228 2088 1168 2174; baseline 0.001 -23"><span class='ocrx_word' id='word_1_108' title='bbox 228 2089 327 2174; x_wconf 90' lang='lat' dir='ltr'><strong>periti,</strong></span> <span class='ocrx_word' id='word_1_109' title='bbox 350 2088 413 2172; x_wconf 91' lang='lat' dir='ltr'><strong>qui,</strong></span> <span class='ocrx_word' id='word_1_110' title='bbox 436 2089 574 2152; x_wconf 88' lang='lat' dir='ltr'><strong>iturusne</strong></span> <span class='ocrx_word' id='word_1_111' title='bbox 601 2101 685 2152; x_wconf 88' lang='lat' dir='ltr'><strong>esset</strong></span> <span class='ocrx_word' id='word_1_112' title='bbox 705 2089 738 2153; x_wconf 92' lang='lat' dir='ltr'><strong>in</strong></span> <span class='ocrx_word' id='word_1_113' title='bbox 757 2091 954 2171; x_wconf 86' lang='lat' dir='ltr'><strong>provinciam,</strong></span> <span class='ocrx_word' id='word_1_114' title='bbox 978 2089 1057 2154; x_wconf 91' lang='lat' dir='ltr'><strong>ultro</strong></span> <span class='ocrx_word' id='word_1_115' title='bbox 1078 2090 1168 2174; x_wconf 88' lang='lat' dir='ltr'><strong>Agri·</strong></span> 
     </span>
     <span class='ocr_line' id='line_1_19' title="bbox 224 2191 1168 2276; baseline 0 -22"><span class='ocrx_word' id='word_1_116' title='bbox 224 2191 331 2266; x_wconf 86' lang='lat' dir='ltr'><strong>colam</strong></span> <span class='ocrx_word' id='word_1_117' title='bbox 352 2191 589 2274; x_wconf 84' lang='lat' dir='ltr'><strong>interrogarent:</strong></span> <span class='ocrx_word' id='word_1_118' title='bbox 613 2211 650 2254; x_wconf 91' lang='lat' dir='ltr'><strong>ac</strong></span> <span class='ocrx_word' id='word_1_119' title='bbox 670 2191 770 2276; x_wconf 88' lang='lat' dir='ltr'><strong>primo</strong></span> <span class='ocrx_word' id='word_1_120' title='bbox 799 2191 950 2264; x_wconf 79' lang='lat' dir='ltr'><strong>occultius</strong></span> <span class='ocrx_word' id='word_1_121' title='bbox 972 2192 1110 2275; x_wconf 88' lang='lat' dir='ltr'><strong>quietem</strong></span> <span class='ocrx_word' id='word_1_122' title='bbox 1138 2201 1168 2254; x_wconf 87' lang='lat' dir='ltr'><strong>et</strong></span> 
     </span>
     <span class='ocr_line' id='line_1_20' title="bbox 147 2291 1168 2378; baseline 0 -24"><span class='ocrx_word' id='word_1_123' title='bbox 147 2311 149 2316; x_wconf 89' lang='lat'>·</span> <span class='ocrx_word' id='word_1_124' title='bbox 229 2293 325 2356; x_wconf 91' lang='lat' dir='ltr'><strong>otium</strong></span> <span class='ocrx_word' id='word_1_125' title='bbox 360 2291 495 2367; x_wconf 89' lang='lat' dir='ltr'><strong>laudare,</strong></span> <span class='ocrx_word' id='word_1_126' title='bbox 524 2312 598 2355; x_wconf 86' lang='lat' dir='ltr'><strong>mox</strong></span> <span class='ocrx_word' id='word_1_127' title='bbox 632 2313 758 2376; x_wconf 87' lang='lat' dir='ltr'><strong>operam</strong></span> <span class='ocrx_word' id='word_1_128' title='bbox 794 2313 883 2356; x_wconf 87' lang='lat' dir='ltr'><strong>suam</strong></span> <span class='ocrx_word' id='word_1_129' title='bbox 911 2293 944 2356; x_wconf 93' lang='lat' dir='ltr'><strong>in</strong></span> <span class='ocrx_word' id='word_1_130' title='bbox 974 2291 1168 2378; x_wconf 87' lang='lat' dir='ltr'><strong>approbanda</strong></span> 
     </span>
     <span class='ocr_line' id='line_1_21' title="bbox 229 2393 1166 2478; baseline 0 -22"><span class='ocrx_word' id='word_1_131' title='bbox 229 2393 425 2457; x_wconf 85' lang='lat' dir='ltr'><strong>excusatione</strong></span> <span class='ocrx_word' id='word_1_132' title='bbox 451 2393 579 2456; x_wconf 87' lang='lat' dir='ltr'><strong>offerre:</strong></span> <span class='ocrx_word' id='word_1_133' title='bbox 602 2405 756 2474; x_wconf 88' lang='lat' dir='ltr'><strong>postremo</strong></span> <span class='ocrx_word' id='word_1_134' title='bbox 781 2415 843 2458; x_wconf 91' lang='lat' dir='ltr'><strong>non</strong></span> <span class='ocrx_word' id='word_1_135' title='bbox 864 2393 927 2478; x_wconf 87' lang='lat' dir='ltr'><strong>jam</strong></span> <span class='ocrx_word' id='word_1_136' title='bbox 949 2394 1081 2471; x_wconf 90' lang='lat' dir='ltr'><strong>obscuri,</strong></span> <span class='ocrx_word' id='word_1_137' title='bbox 1099 2415 1166 2457; x_wconf 87' lang='lat' dir='ltr'><strong>sua-</strong></span> 
     </span>
     <span class='ocr_line' id='line_1_22' title="bbox 228 2493 1166 2577; baseline -0.001 -19"><span class='ocrx_word' id='word_1_138' title='bbox 228 2495 336 2558; x_wconf 88' lang='lat' dir='ltr'><strong>dentes</strong></span> <span class='ocrx_word' id='word_1_139' title='bbox 351 2493 444 2556; x_wconf 91' lang='lat' dir='ltr'><strong>simul</strong></span> <span class='ocrx_word' id='word_1_140' title='bbox 464 2505 680 2577; x_wconf 89' lang='lat' dir='ltr'><strong>terrentesque,</strong></span> <span class='ocrx_word' id='word_1_141' title='bbox 696 2508 867 2575; x_wconf 83' lang='lat' dir='ltr'><strong>pertraxere</strong></span> <span class='ocrx_word' id='word_1_142' title='bbox 882 2495 922 2558; x_wconf 85' lang='lat' dir='ltr'><strong>ad</strong></span> <span class='ocrx_word' id='word_1_143' title='bbox 935 2493 1166 2571; x_wconf 81' lang='lat' dir='ltr'><strong>Domitianum3</strong></span> 
     </span>
     <span class='ocr_line' id='line_1_23' title="bbox 229 2595 1167 2681; baseline -0.001 -22"><span class='ocrx_word' id='word_1_144' title='bbox 229 2597 280 2680; x_wconf 92' lang='lat' dir='ltr'><strong>qui</strong></span> <span class='ocrx_word' id='word_1_145' title='bbox 311 2607 435 2681; x_wconf 89' lang='lat' dir='ltr'><strong>paratus</strong></span> <span class='ocrx_word' id='word_1_146' title='bbox 457 2595 661 2672; x_wconf 88' lang='lat' dir='ltr'><strong>simulatione,</strong></span> <span class='ocrx_word' id='word_1_147' title='bbox 683 2596 716 2658; x_wconf 90' lang='lat' dir='ltr'><strong>in</strong></span> <span class='ocrx_word' id='word_1_148' title='bbox 737 2596 940 2679; x_wconf 84' lang='lat' dir='ltr'><strong>arrogantiam</strong></span> <span class='ocrx_word' id='word_1_149' title='bbox 967 2596 1167 2676; x_wconf 87' lang='lat' dir='ltr'><strong>compositus,</strong></span> 
     </span>
     <span class='ocr_line' id='line_1_24' title="bbox 229 2696 1169 2780; baseline -0.002 -19"><span class='ocrx_word' id='word_1_150' title='bbox 229 2711 261 2761; x_wconf 90' lang='lat' dir='ltr'><strong>et</strong></span> <span class='ocrx_word' id='word_1_151' title='bbox 288 2697 384 2761; x_wconf 89' lang='lat' dir='ltr'><strong>audiit</strong></span> <span class='ocrx_word' id='word_1_152' title='bbox 411 2719 519 2780; x_wconf 87' lang='lat' dir='ltr'><strong>preces</strong></span> <span class='ocrx_word' id='word_1_153' title='bbox 549 2697 733 2772; x_wconf 72' lang='lat' dir='ltr'><strong>excusantis</strong></span> <span class='ocrx_word' id='word_1_154' title='bbox 757 2709 797 2771; x_wconf 91' lang='lat' dir='ltr'><strong>et,</strong></span> <span class='ocrx_word' id='word_1_155' title='bbox 828 2717 900 2759; x_wconf 87' lang='lat' dir='ltr'><strong>curn</strong></span> <span class='ocrx_word' id='word_1_156' title='bbox 928 2696 1097 2772; x_wconf 88' lang='lat' dir='ltr'><strong>annuisset,</strong></span> <span class='ocrx_word' id='word_1_157' title='bbox 1117 2696 1169 2780; x_wconf 86' lang='lat' dir='ltr'><strong>agi</strong></span> 
     </span>
     <span class='ocr_line' id='line_1_25' title="bbox 230 2798 1167 2884; baseline -0.003 -20"><span class='ocrx_word' id='word_1_158' title='bbox 230 2800 288 2864; x_wconf 89' lang='lat' dir='ltr'><strong>sibi</strong></span> <span class='ocrx_word' id='word_1_159' title='bbox 302 2802 415 2884; x_wconf 86' lang='lat' dir='ltr'><strong>gratias</strong></span> <span class='ocrx_word' id='word_1_160' title='bbox 436 2820 549 2884; x_wconf 89' lang='lat' dir='ltr'><strong>passus</strong></span> <span class='ocrx_word' id='word_1_161' title='bbox 572 2811 640 2861; x_wconf 86' lang='lat' dir='ltr'><strong>est:</strong></span> <span class='ocrx_word' id='word_1_162' title='bbox 663 2819 722 2860; x_wconf 89' lang='lat' dir='ltr'><strong>nec</strong></span> <span class='ocrx_word' id='word_1_163' title='bbox 744 2798 866 2862; x_wconf 90' lang='lat' dir='ltr'><strong>erubuit</strong></span> <span class='ocrx_word' id='word_1_164' title='bbox 886 2798 1029 2862; x_wconf 87' lang='lat' dir='ltr'><strong>beneficii</strong></span> <span class='ocrx_word' id='word_1_165' title='bbox 1044 2799 1167 2863; x_wconf 88' lang='lat' dir='ltr'><strong>invidia.</strong></span> 
     </span>
     <span class='ocr_line' id='line_1_26' title="bbox 231 2897 1171 2985; baseline 0 -21"><span class='ocrx_word' id='word_1_166' title='bbox 231 2901 384 2964; x_wconf 87' lang='lat' dir='ltr'><strong>Salarium</strong></span> <span class='ocrx_word' id='word_1_167' title='bbox 405 2912 518 2974; x_wconf 89' lang='lat' dir='ltr'><strong>tamen,</strong></span> <span class='ocrx_word' id='word_1_168' title='bbox 541 2897 749 2979; x_wconf 89' lang='lat' dir='ltr'><strong>proconsulari</strong></span> <span class='ocrx_word' id='word_1_169' title='bbox 777 2899 901 2965; x_wconf 88' lang='lat' dir='ltr'><strong>solitum</strong></span> <span class='ocrx_word' id='word_1_170' title='bbox 926 2898 1029 2964; x_wconf 86' lang='lat' dir='ltr'><strong>offerri</strong></span> <span class='ocrx_word' id='word_1_171' title='bbox 1050 2913 1081 2964; x_wconf 90' lang='lat' dir='ltr'><strong>et</strong></span> <span class='ocrx_word' id='word_1_172' title='bbox 1102 2901 1171 2985; x_wconf 68' lang='lat' dir='ltr'><strong>quis</strong></span> 
     </span>
     <span class='ocr_line' id='line_1_27' title="bbox 229 2999 1167 3085; baseline 0.002 -22"><span class='ocrx_word' id='word_1_173' title='bbox 229 2999 361 3064; x_wconf 89' lang='lat' dir='ltr'><strong>busdam</strong></span> <span class='ocrx_word' id='word_1_174' title='bbox 389 3021 408 3062; x_wconf 90' lang='lat' dir='ltr'><strong>a</strong></span> <span class='ocrx_word' id='word_1_175' title='bbox 435 3020 469 3062; x_wconf 90' lang='lat' dir='ltr'><strong>se</strong></span> <span class='ocrx_word' id='word_1_176' title='bbox 491 2999 559 3080; x_wconf 90' lang='lat' dir='ltr'><strong>ipso</strong></span> <span class='ocrx_word' id='word_1_177' title='bbox 581 3019 774 3076; x_wconf 89' lang='lat' dir='ltr'><strong>concessum,</strong></span> <span class='ocrx_word' id='word_1_178' title='bbox 796 3000 959 3085; x_wconf 87' lang='lat' dir='ltr'><strong>Agricolae</strong></span> <span class='ocrx_word' id='word_1_179' title='bbox 981 3001 1043 3065; x_wconf 90' lang='lat' dir='ltr'><strong>non</strong></span> <span class='ocrx_word' id='word_1_180' title='bbox 1063 3002 1167 3066; x_wconf 89' lang='lat' dir='ltr'><strong>dedit:</strong></span> 
     </span>
     <span class='ocr_line' id='line_1_28' title="bbox 229 3087 1167 3181; baseline 0.001 -17"><span class='ocrx_word' id='word_1_181' title='bbox 229 3103 295 3164; x_wconf 84' lang='lat' dir='ltr'><strong>sive</strong></span> <span class='ocrx_word' id='word_1_182' title='bbox 318 3087 461 3162; x_wconf 87' lang='lat' dir='ltr'><strong>offensus</strong></span> <span class='ocrx_word' id='word_1_183' title='bbox 489 3121 550 3163; x_wconf 92' lang='lat' dir='ltr'><strong>non</strong></span> <span class='ocrx_word' id='word_1_184' title='bbox 577 3100 717 3181; x_wconf 88' lang='lat' dir='ltr'><strong>petitum,</strong></span> <span class='ocrx_word' id='word_1_185' title='bbox 741 3103 806 3164; x_wconf 89' lang='lat' dir='ltr'><strong>sive</strong></span> <span class='ocrx_word' id='word_1_186' title='bbox 836 3123 874 3164; x_wconf 84' lang='lat' dir='ltr'><strong>ex</strong></span> <span class='ocrx_word' id='word_1_187' title='bbox 898 3103 1095 3178; x_wconf 89' lang='lat' dir='ltr'><strong>conscientia,</strong></span> <span class='ocrx_word' id='word_1_188' title='bbox 1118 3123 1167 3179; x_wconf 89' lang='lat' dir='ltr'><strong>ne,</strong></span> 
     </span>
     <span class='ocr_line' id='line_1_29' title="bbox 229 3199 1169 3284; baseline 0.003 -21"><span class='ocrx_word' id='word_1_189' title='bbox 229 3200 312 3284; x_wconf 91' lang='lat' dir='ltr'><strong>quod</strong></span> <span class='ocrx_word' id='word_1_190' title='bbox 332 3212 480 3277; x_wconf 85' lang='lat' dir='ltr'><strong>vetuerat,</strong></span> <span class='ocrx_word' id='word_1_191' title='bbox 503 3199 657 3265; x_wconf 84' lang='lat' dir='ltr'><strong>videretur</strong></span> <span class='ocrx_word' id='word_1_192' title='bbox 685 3203 809 3265; x_wconf 88' lang='lat' dir='ltr'><strong>emisse.</strong></span> <span class='ocrx_word' id='word_1_193' title='bbox 852 3201 1016 3282; x_wconf 86' lang='lat' dir='ltr'><strong>Proprium</strong></span> <span class='ocrx_word' id='word_1_194' title='bbox 1043 3201 1169 3266; x_wconf 88' lang='lat' dir='ltr'><strong>humani</strong></span> 
     </span>
     <span class='ocr_line' id='line_1_30' title="bbox 230 3301 1170 3386; baseline 0 -19"><span class='ocrx_word' id='word_1_195' title='bbox 230 3302 344 3386; x_wconf 86' lang='lat' dir='ltr'><strong>ingenii</strong></span> <span class='ocrx_word' id='word_1_196' title='bbox 373 3314 430 3375; x_wconf 87' lang='lat' dir='ltr'><strong>cst,</strong></span> <span class='ocrx_word' id='word_1_197' title='bbox 460 3302 562 3366; x_wconf 89' lang='lat' dir='ltr'><strong>odisse</strong></span> <span class='ocrx_word' id='word_1_198' title='bbox 592 3324 686 3386; x_wconf 90' lang='lat' dir='ltr'><strong>quem</strong></span> <span class='ocrx_word' id='word_1_199' title='bbox 713 3303 876 3366; x_wconf 83' lang='lat' dir='ltr'><strong>laeseris:</strong></span> <span class='ocrx_word' id='word_1_200' title='bbox 901 3301 1070 3367; x_wconf 87' lang='lat' dir='ltr'><strong>Domitiani</strong></span> <span class='ocrx_word' id='word_1_201' title='bbox 1097 3325 1170 3368; x_wconf 85' lang='lat' dir='ltr'><strong>vero</strong></span> 
     </span>
     <span class='ocr_line' id='line_1_31' title="bbox 230 3403 1170 3489; baseline 0.004 -23"><span class='ocrx_word' id='word_1_202' title='bbox 230 3416 337 3468; x_wconf 88' lang='lat' dir='ltr'><strong>natura</strong></span> <span class='ocrx_word' id='word_1_203' title='bbox 357 3424 505 3485; x_wconf 88' lang='lat' dir='ltr'><strong>praeceps</strong></span> <span class='ocrx_word' id='word_1_204' title='bbox 527 3403 559 3466; x_wconf 91' lang='lat' dir='ltr'><strong>in</strong></span> <span class='ocrx_word' id='word_1_205' title='bbox 580 3405 666 3480; x_wconf 87' lang='lat' dir='ltr'><strong>iram,</strong></span> <span class='ocrx_word' id='word_1_206' title='bbox 683 3415 790 3489; x_wconf 88' lang='lat' dir='ltr'><strong>etque</strong></span> <span class='ocrx_word' id='word_1_207' title='bbox 813 3404 979 3483; x_wconf 89' lang='lat' dir='ltr'><strong>obscurior,</strong></span> <span class='ocrx_word' id='word_1_208' title='bbox 999 3427 1036 3468; x_wconf 92' lang='lat' dir='ltr'><strong>eo</strong></span> <span class='ocrx_word' id='word_1_209' title='bbox 1058 3406 1170 3473; x_wconf 84' lang='lat' dir='ltr'><strong>irrevo-</strong></span> 
     </span>
     <span class='ocr_line' id='line_1_32' title="bbox 231 3504 1170 3591; baseline 0.002 -21"><span class='ocrx_word' id='word_1_210' title='bbox 231 3505 365 3582; x_wconf 84' lang='lat' dir='ltr'><strong>:abilior‚</strong></span> <span class='ocrx_word' id='word_1_211' title='bbox 393 3504 600 3570; x_wconf 86' lang='lat' dir='ltr'><strong>moderatione</strong></span> <span class='ocrx_word' id='word_1_212' title='bbox 628 3517 731 3569; x_wconf 87' lang='lat' dir='ltr'><strong>tamen</strong></span> <span class='ocrx_word' id='word_1_213' title='bbox 757 3505 979 3589; x_wconf 89' lang='lat' dir='ltr'><strong>pmdentiaque</strong></span> <span class='ocrx_word' id='word_1_214' title='bbox 1006 3507 1170 3591; x_wconf 82' lang='lat' dir='ltr'><strong>Agricolae</strong></span> 
     </span>
     <span class='ocr_line' id='line_1_33' title="bbox 232 3597 1259 3694; baseline 0 -22"><span class='ocrx_word' id='word_1_215' title='bbox 232 3607 421 3672; x_wconf 88' lang='lat' dir='ltr'><strong>leniebatur:</strong></span> <span class='ocrx_word' id='word_1_216' title='bbox 451 3607 606 3692; x_wconf 90' lang='lat' dir='ltr'><strong>quianon</strong></span> <span class='ocrx_word' id='word_1_217' title='bbox 627 3608 819 3672; x_wconf 87' lang='lat' dir='ltr'><strong>contumacia</strong></span> <span class='ocrx_word' id='word_1_218' title='bbox 840 3629 941 3693; x_wconf 88' lang='lat' dir='ltr'><strong>neque</strong></span> <span class='ocrx_word' id='word_1_219' title='bbox 969 3609 1051 3674; x_wconf 90' lang='lat' dir='ltr'><strong>inani</strong></span> <span class='ocrx_word' id='word_1_220' title='bbox 1075 3609 1171 3694; x_wconf 85' lang='lat' dir='ltr'><strong>jacta·</strong></span> <span class='ocrx_word' id='word_1_221' title='bbox 1252 3597 1259 3609; x_wconf 52' lang='lat'><em>¹</em></span> 
     </span>
     <span class='ocr_line' id='line_1_34' title="bbox 232 3708 1169 3796; baseline 0.004 -24"><span class='ocrx_word' id='word_1_222' title='bbox 232 3709 312 3775; x_wconf 88' lang='lat' dir='ltr'><strong>tione</strong></span> <span class='ocrx_word' id='word_1_223' title='bbox 334 3709 482 3774; x_wconf 88' lang='lat' dir='ltr'><strong>libertatis</strong></span> <span class='ocrx_word' id='word_1_224' title='bbox 500 3708 613 3774; x_wconf 84' lang='lat' dir='ltr'><strong>sarnam</strong></span> <span class='ocrx_word' id='word_1_225' title='bbox 636 3709 794 3796; x_wconf 82' lang='lat' dir='ltr'><strong>fatumque</strong></span> <span class='ocrx_word' id='word_1_226' title='bbox 816 3711 1009 3794; x_wconf 86' lang='lat' dir='ltr'><strong>provocabat.</strong></span> <span class='ocrx_word' id='word_1_227' title='bbox 1054 3709 1169 3776; x_wconf 87' lang='lat' dir='ltr'><strong>Sciant.</strong></span> 
     </span>
    </p>
   </div>
   <div class='ocr_carea' id='block_1_3' title="bbox 0 0 1398 4324">
    <p class='ocr_par' dir='ltr' id='par_1_3' title="bbox 0 0 1398 4324">
     <span class='ocr_line' id='line_1_35' title="bbox 0 0 1398 4324; baseline 0 0"><span class='ocrx_word' id='word_1_228' title='bbox 0 0 1398 4324; x_wconf 95' lang='lat' dir='ltr'><strong> </strong></span> 
     </span>
    </p>
   </div>
  </div>
 </body>
</html>
