2772 4322
232 351 274 411 58
565 367 594 408 c.
620 363 717 408 comt.
740 365 851 407 ‘ricrrr

232 517 407 597 insumpta:
432 536 478 591 ac,
492 515 517 577 si
533 515 629 577 virtus
645 514 837 578 exercituum
852 525 883 576 et
897 511 1031 576 Romani
1044 513 1174 584 nominis

231 618 327 702 gloria
351 628 515 698 pateretur,
530 616 673 679 inventus
695 616 727 679 in
749 617 817 697 ipsa
832 613 990 678 Britannia
1014 615 1173 678 terminus.

166 765 170 768 -
231 717 314 782 Nam
339 719 430 783 Clota
452 732 483 782 et
504 716 660 795 Bodotria,
689 717 802 781 diversi
832 718 926 780 maris
956 716 1093 780 aestibus
1120 735 1172 797 per

232 822 419 885 immensum
437 833 590 896 revectae,
606 833 737 904 angusto
752 831 902 883 terramm
917 820 1015 900 spatio
1028 818 1175 882 dirimun-

231 935 298 986 tur:
328 923 412 1007 quod
439 936 507 987 tum
534 922 697 1004 praesidiis
726 923 924 986 firmabatur:
955 935 1047 1005 atque
1076 922 1174 986 omnis

232 1025 351 1104 propior
386 1025 473 1087 sinus
509 1024 680 1100 tenebatur,
712 1025 875 1086 summotis
903 1024 989 1086 velut
1024 1022 1056 1086 in
1084 1021 1175 1085 aliam

230 1125 363 1188 insulam
385 1125 537 1190 hostibus.
594 1119 597 1131 ¹

272 1225 395 1292 XXtV.
430 1225 548 1300 Quinto
578 1226 807 1307 expeditionum
843 1247 932 1301 anno,
965 1245 1042 1288 nave
1078 1225 1175 1306 prima

230 1340 450 1411 transgressus,
480 1328 600 1411 ignotas
629 1326 668 1390 ad
697 1326 729 1390 id
758 1309 899 1411 tempus·
917 1338 1025 1409 gentes
1061 1324 1175 1388 crebris

230 1430 322 1492 simul
350 1451 387 1492 ac
412 1430 567 1510 prosperis
592 1429 717 1510 proeliis
741 1427 878 1491 domuit:
902 1448 1033 1511 eamque
1058 1438 1177 1507 partem

230 1529 415 1607 Britanniae,
439 1552 519 1615 quae
548 1529 733 1594 Hiberniam
761 1531 880 1612 aspicit,
910 1531 1007 1612 copiis
1036 1529 1177 1592 instruxit

230 1635 261 1696 in
290 1655 379 1716 spem
414 1634 514 1717 magis
543 1655 638 1717 quam
671 1633 710 1695 ob
738 1632 957 1709 formidinem;
996 1632 1023 1694 si
1051 1630 1177 1715 quidem

230 1734 391 1810 Hibernia,
418 1734 522 1798 medio
550 1736 629 1796 inter
657 1732 847 1797 Britanniam
875 1746 966 1815 atque
991 1732 1177 1813 Hispaniam

230 1839 289 1900 sita
303 1848 334 1898 et
350 1835 471 1898 Gallico
492 1855 617 1918 quoque
639 1835 716 1896 mari
739 1846 918 1919 opportuna,
934 1834 1177 1896 valentissimam

229 1937 350 2018 imperii
385 1948 505 2017 partem
539 1927 661 2018 magnis
695 1935 838 2023 invicem*
863 1935 973 1998 usibus
1006 1934 1177 1998 misouerit.

231 2039 374 2120 Spatium
403 2038 480 2123 ejus,
511 2038 538 2102 si
567 2036 742 2122 Britanniae
772 2049 975 2122 comparetur,
1003 2038 1176 2121 angustius,

231 2142 324 2204 nostri
352 2142 447 2204 maris
473 2138 591 2204 insulas
621 2151 755 2222 superat.
800 2140 911 2205 Solum
939 2139 1177 2224 coelumqueret

230 2244 352 2326 ingenia
367 2244 531 2327 cultusque
553 2241 713 2306 hominum
736 2242 818 2306 haud
840 2242 974 2307 multum
987 2264 1006 2305 a
1020 2241 1178 2306 Britannia

229 2344 392 2408 differunt:
422 2344 456 2408 in
479 2345 592 2409 melius
615 2344 717 2409 aditus
738 2359 907 2428 portusque
921 2366 978 2430 per
991 2346 1178 2410 commercia

231 2459 262 2510 ct
275 2448 479 2530 negotiatores
502 2448 627 2530 cogniti.
673 2447 819 2531 Agricola
841 2447 1006 2529 expulsum
1028 2448 1177 2512 seditione

230 2549 401 2616 domestica
413 2569 512 2611 unum
533 2569 573 2610 ex
592 2549 709 2632 regulis
729 2550 829 2631 gentis
846 2561 1007 2630 exceperat
1021 2571 1058 2612 ac
1073 2550 1178 2630 specie

231 2651 383 2715 amicitiae
419 2651 452 2714 in
487 2650 684 2713 occasionem
718 2650 878 2712 retinebat.
935 2649 1036 2730 Saepe
1069 2671 1109 2712 ex
1140 2671 1178 2712 eo

231 2753 344 2830 audiri,
359 2753 481 2836 legione
502 2774 565 2815 una
587 2763 618 2814 et
638 2751 769 2815 modicis
791 2751 913 2814 auxiliis
932 2749 1079 2814 debellari
1102 2750 1187 2819 obtiz

234 2856 358 2939 narique
395 2853 580 2918 Hiberniam
614 2874 719 2937 posse.
764 2852 863 2936 quue
898 2853 993 2917 etiam
1028 2851 1178 2916 adversus

237 2956 422 3019 Britanniam
442 2954 648 3037 profuturum,
671 2955 699 3018 si
725 2953 868 3019 Romana
892 2956 1008 3040 ubique
1030 2978 1125 3032 arma,
1148 2968 1179 3018 et

238 3057 316 3119 relut
330 3077 347 3118 e
363 3069 533 3141 conspectu
547 3056 855 3144 libertastolleretur.

241 3227 246 3234 ,
274 3155 380 3221 XXV.
406 3158 556 3222 Ceterum
577 3164 705 3237 aestate,
721 3182 783 3244 qua
805 3173 927 3224 sextum
949 3159 1042 3222 officii
1064 3179 1198 3242 annum„

234 3257 403 3334 inchoabat,
427 3260 588 3344 amplexus
615 3262 755 3324 civitates
778 3274 861 3324 trans
888 3259 1067 3322 Bodotriam
1092 3259 1178 3335 sitas,

234 3359 306 3442 quia
338 3372 441 3423 motus
477 3362 690 3426 universarum
719 3347 805 3424 'ultra
839 3360 979 3444 gentium
1008 3371 1039 3423 et
1068 3359 1179 3424 infesta

233 3461 351 3524 hostilis
388 3463 541 3526 exercitus
575 3464 684 3526 itinera
714 3461 909 3538 timebantur,
938 3474 1045 3543 portus
1078 3462 1179 3525 classe

234 3564 417 3646 exploravit:
441 3586 531 3648 quae,
562 3564 601 3628 ab
629 3564 776 3649 Agricola
803 3565 939 3650 primum
967 3577 1126 3648 assumpta
1148 3566 1177 3628 in

234 3677 350 3730 nartem
371 3667 492 3744 virium,
508 3667 695 3753 sequebatur
719 3668 844 3752 egregia
866 3668 981 3753 specie,
998 3689 1071 3731 cum
1087 3665 1177 3730 simul

235 3779 321 3838 terra,
339 3770 429 3832 simul
446 3771 521 3834 mari
537 3769 653 3834 bellum
674 3769 892 3856 impelleretur,
908 3793 945 3832 ac
961 3790 1052 3850 saepe
1070 3767 1176 3833 iisdem
