2772 4322
222 353 264 410 46
546 369 576 409 c.
600 366 696 409 cortu.
720 365 831 430 'ruem
915 367 916 370 ¹

221 515 350 592 electuS,
367 535 460 597 quem
482 513 680 577 contubernio
702 515 893 578 aestimaret..
930 513 1001 578 Nec
1019 515 1161 599 Agricola

221 616 347 680 licenter
367 636 452 678 more
474 615 633 699 juvenum,
650 616 702 698 qui
723 615 863 678 militiam
878 617 910 679 in
923 615 1083 679 lasciviam
1096 638 1161 679 ver·

220 728 297 792 tunt,
326 738 427 800 neque
464 716 599 800 segniter
633 715 672 779 ad
699 715 870 799 voluptates
907 728 938 779 et
971 730 1161 782 commeatus

221 818 343 906 titulum
370 818 542 881 tribunatus
572 830 603 881 et
630 818 784 880 inscitiam
811 818 932 882 retulit:
957 818 1012 881 sed
1034 839 1161 882 noscere¹

218 920 416 1001 provinciam,
446 919 532 982 nosci
562 920 720 994 exercitui,
750 918 870 982 discere
893 942 911 982 a
935 921 1049 1002 peritia,
1074 921 1161 1003 sequi

220 1019 361 1104 optimoS,
378 1019 453 1083 nihil
467 1032 610 1101 appetere
633 1019 808 1104 jactatione,
823 1019 899 1084 nihil
914 1021 953 1083 ob
968 1019 1161 1084 formidinem

218 1141 373 1196 recusare,
402 1121 555 1204 simulque
567 1127 599 1183 et
613 1118 723 1183 anxius
735 1129 771 1194 ¹et
782 1121 915 1184 intentus
944 1143 1045 1205 agere.
1089 1121 1160 1186 Non

219 1242 292 1284 sane
311 1222 387 1284 alias
410 1222 601 1284 exercitatior
621 1223 782 1307 magisque
799 1223 830 1284 in
846 1222 991 1306 ambiguo
1005 1221 1160 1300 Britannia

217 1321 295 1384 fuit:
318 1322 460 1385 trucidati
481 1323 638 1410 veterani„
650 1324 795 1385 incensae
824 1322 971 1398 coloniae,
1002 1324 1160 1410 intercepti

219 1423 371 1486 exercitus
383 1446 402 1501 ;.
414 1436 482 1487 tum
503 1421 542 1486 de
565 1424 673 1500 salute,
690 1446 762 1486 mox
783 1423 821 1487 de
843 1425 979 1502 victoria,
996 1437 1160 1489 certavere.

219 1524 309 1599 Quae
327 1536 448 1601 cuncta,
465 1526 522 1588 etsi
545 1523 681 1589 consiliis
704 1525 860 1610 ductuque
883 1526 1007 1590 alterius
1030 1526 1161 1610 ageban-

217 1638 267 1690 tur
288 1648 325 1690 ac
348 1647 469 1690 summa
490 1649 594 1690 rerum
608 1629 640 1691 et
659 1637 855 1710 recuperatae
877 1628 1051 1710 provinciae
1066 1628 1161 1712 gloria

216 1728 249 1790 iu
262 1726 376 1790 ducem
397 1729 501 1804 cessit,
518 1739 615 1790 artem
637 1739 668 1790 et
690 1749 783 1790 usum
805 1740 836 1790 et
858 1728 998 1791 stimulos
1017 1728 1161 1792 addidero

222 1829 348 1912 juveni3
375 1829 557 1911 intravitque
582 1830 720 1890 animum
748 1827 886 1891 militaris
912 1829 1027 1912 gloriae
1050 1829 1160 1911 cupido

217 1931 335 2012 ingrata
361 1929 560 2010 temporibus
591 1929 703 2012 quibus
740 1930 861 1992 sinistra
890 1950 963 2012 erga
991 1931 1160 1994 eminentes
1196 1951 1201 1957 ·

217 2030 433 2112 interpretatio,
459 2051 518 2092 nee
546 2031 648 2094 minus
677 2031 850 2114 periculum
876 2052 914 2093 ex
934 2051 1047 2115 magna
1068 2031 1159 2108 farno,

217 2154 312 2218 quarn
326 2153 366 2197 ex
379 2131 470 2196 mala.

260 2233 317 2298 VI.
347 2230 433 2298 Hinc
461 2233 501 2298 ad
530 2233 735 2316 capessendos
767 2235 964 2318 magistratus
993 2235 1025 2298 in
1052 2235 1160 2300 urbem

217 2334 386 2420 digressus,
402 2333 573 2399 Domitiam
593 2333 807 2412 Decidianam,
824 2335 992 2418 splendidis
1007 2337 1159 2400 natalibus

218 2449 325 2512 ortam,
356 2436 415 2499 sibi
447 2436 571 2520 junxit3
602 2436 694 2519 idque
710 2439 952 2502 matrimonium
980 2438 1019 2502 ud
1047 2439 1160 2524 majora

216 2538 324 2601 nitenti
345 2536 442 2599 decus
471 2557 508 2599 ac
528 2536 622 2598 robur
640 2535 724 2630 xsuit;
753 2539 955 2620 vixeruntque
983 2541 1061 2626 mira
1089 2562 1160 2611 con·

217 2638 331 2716 cordia,
359 2660 415 2722 per
441 2650 583 2702 mutuam
607 2639 765 2702 caritatem
794 2650 825 2702 et
852 2639 986 2702 invicem
1014 2661 1048 2702 se
1077 2653 1182 2720 antc-¹

217 2740 377 2825 ponendo:
400 2741 461 2805 nisi
482 2739 565 2824 quod
587 2739 619 2802 in
640 2739 720 2802 bona
741 2759 835 2801 uxore
858 2750 942 2802 tauto
963 2740 1059 2824 major
1080 2722 1188 2816 laus,l

218 2855 332 2926 quanto
359 2843 391 2907 in
418 2841 500 2905 mala
533 2840 609 2924 plus.
633 2839 741 2920 culpae
772 2851 828 2902 est.
867 2829 949 2903 'Sors
977 2853 1160 2925 quaesturae

216 2945 406 3024 provinciam
434 2942 552 3018 Asiam,
581 2940 797 3026 proconsulem
833 2941 973 3006 Salvium
1001 2941 1159 3008 Titianum
1256 2977 1262 3026 1

218 3045 322 3108 dedit:
345 3065 476 3128 quorum
503 3054 611 3106 neutro
640 3055 801 3128 corruptus
830 3056 896 3122 est;
926 3067 1102 3129 quanquam
1130 3057 1161 3106 ct
1231 3107 1233 3112 ,
1285 3101 1290 3110 .

217 3147 373 3228 provincia
387 3144 474 3208 dives
496 3166 532 3208 ac
554 3156 659 3230 parata
680 3146 892 3230 peccantibus,
906 3159 937 3210 et
950 3147 1115 3230 proconsul
1129 3147 1161 3208 in
1208 3133 1212 3186 Ῐ

195 3261 341 3311 *omnem
370 3246 545 3310 aviditatem
572 3268 696 3328 pronus,
726 3247 912 3330 quantalibet
940 3247 1085 3310 facilitate
1113 3268 1160 3310 rc-

219 3348 399 3428 dempturus
415 3360 498 3411 esset
511 3361 652 3411 mutuam
667 3335 943 3410 dissimulationem
957 3347 1040 3410 mali.
1076 3348 1161 3412 Auc-

219 3462 269 3513 tus
285 3462 332 3512 est
347 3450 389 3512 ibi
404 3449 476 3525 filia,
492 3451 524 3514 in
547 3448 720 3512 subsidium
739 3442 832 3528 simul
850 3457 882 3513 et
901 3448 1065 3514 solatium:
1089 3472 1160 3514 narn

150 3540 158 3548 ¹
219 3553 317 3616 filium
334 3563 403 3614 ante
425 3551 582 3614 sublatum
603 3550 688 3614 brevi
711 3551 823 3613 amisit.
868 3549 943 3613 Mox
960 3552 1038 3614 inter
1051 3574 1160 3636 quaes·

220 3665 319 3716 turam
342 3675 378 3716 ac
406 3654 593 3716 tribunatum
622 3651 721 3733 plebis
744 3663 835 3734 atque
865 3653 957 3716 etiam
985 3653 1086 3738 ipsum
1110 3655 1158 3716 tri·
1220 3703 1223 3710 .

221 3753 352 3818 bonatus
381 3776 496 3818 annum
524 3756 627 3838 quiete
656 3767 685 3817 et
716 3755 777 3816 otio
805 3755 931 3830 transiit,
961 3775 1074 3836 gnarus
1103 3754 1157 3816 sul
