2772 4322
567 361 608 404 ua
624 363 809 426 „cannarum
1124 356 1161 413 19

198 473 344 600 ,liliata
360 489 452 590 quam
469 527 547 590 qnae
562 487 657 569 humo
672 505 845 589 fipguntur·
873 526 1050 588 quanquam
1071 509 1159 588 prox·

184 597 201 638 'l
222 607 283 683 imi,
304 607 345 684 ob,
364 628 458 670 usum
480 606 746 682 commerciorum,
762 627 873 668 aurum
895 616 925 667 et
947 617 1107 688 argentum
1130 607 1159 669 in

221 709 316 792 pretio
341 706 463 783 habent,
490 706 667 790 formasque
693 705 843 789 quasdam
863 717 984 768 nostrae
1010 706 1160 787 pecuniae

99 809 105 896 l
220 821 389 892 agnoscunt
426 821 518 892 atque
552 807 694 892 eligunt:
729 808 887 871 interiores
924 807 1095 889 simplicius
1122 827 1160 895 ¹et

220 911 373 994 antiquius
388 911 611 993 permutatione
634 910 786 972 mercium
806 921 944 972 utuntur.
988 907 1159 974 Pecuniam

220 1012 346 1076 probant
370 1024 507 1076 veterem
534 1024 565 1075 et
586 1011 641 1074 diu
666 1023 780 1098 notam,
809 1022 939 1074 serratos
965 1009 1158 1095 bigatosque.

222 1115 391 1198 Argentum
429 1136 562 1199 quoque,
589 1114 689 1198 magis
719 1135 813 1196 quarn
841 1135 951 1176 aurum
980 1125 1159 1196 sequuntur,

220 1217 301 1280 nulla
317 1217 478 1281 affectione
495 1218 599 1293 animi,
616 1216 672 1280 sed
686 1237 760 1299 quta
777 1237 924 1279 numerus
946 1227 1159 1299 argenteorum

132 1320 136 1326 ’
219 1317 335 1382 facilior
346 1320 418 1383 usui
434 1330 481 1382 est
494 1320 671 1400 promiscua
685 1339 722 1381 ac
736 1317 808 1380 vilia
822 1317 1039 1382 mercantibus.

260 1419 317 1483 Vl.
340 1419 391 1483 Ne
416 1420 533 1482 ferrum
555 1419 681 1502 quidem
706 1431 856 1499 superest,
883 1420 964 1482 sicut
985 1440 1157 1503 exgenere

219 1521 529 1609 telorumkcolligitur.
573 1520 650 1584 Rari
665 1519 775 1604 gladiis
790 1532 843 1582 aut
857 1520 1022 1604 majoribus
1045 1521 1159 1584 lanceis

220 1635 366 1687 utuntur:
397 1623 511 1700 hastas,
535 1623 585 1686 vel
608 1623 746 1704 ipsorum
770 1619 921 1684 vocabulo
950 1621 1082 1685 frameas
1107 1645 1159 1707 ge-

219 1737 296 1799 runt,
314 1740 445 1810 angusto
470 1735 501 1788 et
520 1725 606 1788 brevi
629 1723 709 1786 ferro
732 1722 787 1786 sed
813 1724 855 1786 ita
878 1723 940 1787 acri
956 1735 986 1786 et
1007 1723 1046 1786 ad
1067 1747 1160 1788 usum

219 1827 321 1903 habili,
339 1840 375 1891 ut
397 1827 507 1890 eodem
528 1827 599 1904 tela,
615 1837 705 1908 prout
725 1827 803 1889 ratio
824 1827 934 1911 poscit,
950 1826 999 1889 νο]
1019 1828 1159 1891 cominus

219 1929 266 1991 vel
295 1930 416 1992 eminus
444 1939 607 2014 pugnent:
643 1939 674 1992 et
698 1949 799 2012 eques
828 1928 955 2012 quidem
984 1941 1072 1993 scuto
1100 1929 1159 1992 fra-

218 2053 348 2114 meaque
374 2043 535 2094 conteutus
561 2043 631 2094 est:
654 2029 774 2112 pedites
797 2042 828 2094 et
848 2031 980 2093 missilia
1002 2045 1158 2116 spargunt,

218 2133 304 2213 plura
330 2132 452 2216 singuli,
480 2145 571 2215 atque
595 2133 628 2195 in
649 2132 837 2195 immensum
858 2132 988 2206 vibrant,
1010 2133 1085 2195 nudi
1107 2146 1159 2196 aut

179 2221 183 2226 ⁵
218 2234 326 2317 sagulo
351 2215 589 2310 levesthulla
623 2231 725 2294 cultus
748 2231 894 2315 jactatio;
928 2245 1016 2295 scuta
1041 2245 1159 2297 tantum

218 2335 395 2398 lectissimis
414 2334 567 2396 coloribus
589 2331 801 2416 distinguunt:
824 2334 933 2414 paucis
955 2333 1085 2397 loricae:
1108 2336 1159 2399 vix

218 2436 270 2498 uni
295 2434 419 2497 alterive
443 2433 541 2496 cassis
563 2445 616 2496 aut
637 2433 738 2516 galea.
781 2431 866 2517 Equi
887 2456 946 2498 non
969 2433 1076 2513 forma,
1099 2458 1158 2500 nou

218 2536 378 2600 velocitate
394 2535 576 2620 conspicui:
601 2535 656 2598 sed
671 2556 729 2598 nec
743 2537 860 2599 variare
881 2559 973 2620 gyros
988 2539 1019 2602 in
1040 2560 1158 2605 morem

218 2651 354 2702 nostrum
369 2636 527 2700 docentur.
573 2635 611 2701 Iu
625 2647 754 2713 rectum,
771 2649 824 2700 aut
846 2659 909 2700 uno
931 2638 1014 2701 flexu
1027 2639 1158 2702 'dextros

216 2753 312 2824 agunt
334 2741 377 2804 ita
401 2739 564 2824 conjuncto
587 2739 670 2815 orbe,
685 2749 721 2800 ut
744 2759 836 2801 nemo
857 2739 1006 2820 posterior
1028 2741 1077 2802 sit.
1121 2740 1156 2802 In

217 2842 397 2904 universum
422 2841 605 2917 aestimanti,
630 2839 700 2921 plus
729 2859 826 2923 penes
854 2837 990 2920 peditem
1018 2839 1156 2903 roboris:

184 2947 190 2952 '
217 2963 316 3026 eoque
331 2942 419 3005 mixti
438 2942 632 3023 proeliantur,
649 2953 720 3022 apta
741 2953 773 3004 et
786 2953 972 3026 congruente
995 2941 1034 3004 ad
1049 2963 1158 3026 eques-

218 3059 295 3109 trem
309 3065 446 3128 pugnam
460 3043 621 3125 velocitate
635 3043 785 3125 peditum,
802 3064 880 3127 quos
896 3064 934 3106 ex
949 3045 1031 3108 omni
1049 3044 1158 3129 juven·

218 3159 282 3212 tute
297 3147 434 3210 delectos
456 3158 526 3208 ante
548 3146 654 3208 aciem
668 3145 779 3209 locant.
823 3144 977 3209 Definitur
999 3159 1030 3210 et
1050 3169 1158 3212 nume·

216 3271 290 3312 rus:
321 3247 442 3313 denteui
472 3269 511 3310 ex
539 3247 670 3331 singulis
698 3248 787 3330 pagis
816 3259 911 3310 sunt:
941 3247 1033 3332 idque
1055 3250 1157 3330 ipsum

217 3354 294 3414 inter
309 3373 382 3414 suos
397 3362 564 3427 vocantur;
589 3361 620 3412 et
634 3349 717 3432 quod
730 3349 829 3431 primo
851 3370 999 3413 numerus
1013 3351 1081 3428 suit,
1093 3351 1157 3436 jam

217 3473 329 3514 nomen
353 3465 385 3516 et
404 3452 500 3516 honor
523 3465 580 3515 est.
625 3452 720 3515 Acies
741 3473 797 3536 per
818 3473 933 3514 cuneos
957 3456 1159 3534 componitur,

218 3551 339 3616 Cedere
360 3550 438 3630 loco,
462 3553 629 3617 dummodo
650 3575 757 3617 rursus
786 3547 892 3631 instes,
922 3555 1043 3617 consilii
1064 3576 1156 3637 quam

218 3653 387 3718 formidinis
423 3655 612 3718 arbitrantur.
659 3654 797 3740 Corpora
833 3677 961 3718 suorum
997 3654 1090 3718 etiam
1126 3658 1156 3720 iu
1199 3686 1202 3691 ·

222 3755 318 3820 iubiis
345 3754 468 3837 procliis
497 3756 642 3819 referunt.
703 3755 835 3819 Scotum
870 3755 1042 3839 reliquisse,
1072 3779 1155 3838 prae·
