2772 4322
234 345 275 402 55
559 361 588 402 c.
613 359 710 402 coen.
734 357 845 401 racrrr

230 529 397 591 servosque
425 507 569 589 publicae
590 507 653 571 rei:
682 528 741 570 non
773 505 883 570 studiis
911 504 1036 587 privatis
1059 525 1117 568 nec
1139 523 1176 569 er

205 607 494 697 *commendatione
531 620 585 671 aut
618 608 763 690 precibus
807 608 1020 670 centurionum
1063 606 1177 670 milites

230 713 338 789 ascire,
363 711 418 775 sed
448 713 598 795 optimum
633 730 786 796 quemque
828 708 1019 775 fidissimum
1045 721 1153 793 putare
1168 694 1194 772 :¹

231 814 333 876 omnia
364 813 454 890 scire,
484 834 546 876 non
578 814 681 876 omnia
709 813 861 896 exsequi:
899 813 1001 896 parvis
1039 813 1177 896 peccatis

230 916 361 993 veniam,
384 916 505 999 niagnis
528 915 723 978 severitatem
749 914 967 977 commodare:
998 934 1056 976 nec
1077 934 1177 995 poena

208 1038 362 1098 semper,
401 1017 457 1080 sed
493 1018 618 1098 saepius
657 1016 845 1098 poenitentia
880 1027 1043 1078 contentus
1080 1035 1175 1077 esse:

230 1119 341 1182 officiis
370 1132 401 1182 et
429 1119 742 1182 administrationibus
774 1119 877 1199 potius
907 1139 968 1180 non
995 1129 1177 1198 peccaturos

230 1241 426 1306 praeponere,
453 1241 548 1304 quam
576 1220 730 1297 damnare,
761 1241 835 1282 cum
862 1225 1055 1300 peccassent.
1100 1216 1176 1281 Fru-

230 1325 325 1387 menti
348 1323 583 1386 attributorum
605 1323 780 1386 auctionem
802 1320 986 1405 aequalitate
1012 1341 1177 1383 munerum

229 1423 358 1501 mollire,
382 1424 585 1500 circumcisis,
608 1429 699 1507 quae,
722 1424 755 1485 in
776 1434 941 1506 quaestum
963 1433 1092 1503 reperta,
1108 1422 1177 1502 ipso

229 1526 342 1589 tributo
363 1526 487 1610 gravius
517 1524 741 1588 tolerabantur:
769 1545 903 1608 namque
924 1545 981 1605 per
1009 1523 1177 1587 ludibrium

230 1628 365 1692 assidere
388 1629 502 1692 clausis
525 1627 641 1691 horreis
665 1639 696 1690 et
725 1648 827 1690 emere
851 1626 931 1689 ultro
953 1626 1118 1701 frumenta,
1139 1647 1177 1689 ac

232 1730 361 1794 vendere
383 1733 482 1812 pretio
504 1730 712 1813 cogebantur:
737 1728 873 1791 devortia
894 1729 1038 1792 itinerum
1061 1740 1093 1791 et
1112 1728 1176 1790 lon·

230 1833 384 1914 ginquitas
399 1832 561 1914 regionum
575 1829 776 1904 indicebatur,
792 1840 827 1891 ut
842 1830 982 1893 civitates
997 1850 1016 1891 a
1029 1831 1176 1909 proximis

230 1932 365 1994 hibernis
394 1932 425 1993 in
460 1941 578 1993 remota
607 1941 638 1993 et
666 1931 734 1993 avia
769 1929 926 2004 referrent,
956 1929 1066 2004 donec,
1093 1928 1176 2012 quod

230 2032 373 2096 omnibus
395 2033 591 2113 inpromptu
613 2044 688 2108 erat,
710 2031 819 2113 paucis
841 2030 1000 2094 lucrosum
1021 2031 1120 2094 fieret.

272 2133 347 2214 XX.
371 2133 462 2198 Haec
483 2134 582 2216 primo
605 2135 709 2198 statim
730 2155 810 2197 anno
832 2133 1071 2215 comprimendo,
1088 2155 1175 2219 egre-

230 2239 314 2320 giam
336 2235 450 2300 lamam
476 2237 548 2322 paci
570 2235 791 2315 circumdedit;
815 2258 894 2320 quae
916 2235 966 2299 vel
988 2237 1106 2299 incuria
1125 2235 1175 2300 rel

231 2340 420 2402 intolerantia
440 2340 575 2419 priorum
595 2337 679 2402 haud
703 2340 807 2402 minus
830 2360 924 2423 quam
945 2337 1064 2401 bellum
1087 2339 1191 2424 time-v

230 2441 329 2540 batur.
375 2435 448 2514 Sed,
472 2440 526 2502 ubi
555 2452 657 2502 aestas
686 2440 818 2516 advenit,
842 2452 998 2503 contracto
1028 2441 1175 2515 exercitu,

231 2539 346 2603 multus
369 2541 399 2602 in
422 2541 544 2623 agmine
566 2539 691 2610 laudare
714 2541 908 2616 modestiam,
923 2540 1068 2623 disjectos
1091 2562 1163 2603 coer

230 2663 322 2706 cere:
346 2642 414 2706 loca
429 2642 619 2722 castrisipse
635 2661 755 2722 capere,
772 2641 925 2703 aestuaria
939 2661 976 2702 ac
991 2641 1085 2703 silvas
1108 2642 1175 2722 ipse

230 2757 444 2831 praetentare3
478 2756 509 2808 et
537 2742 613 2806 nihil
641 2742 762 2805 interim
791 2741 875 2823 apud
901 2740 1007 2804 hostes
1036 2742 1176 2824 quietum

230 2847 301 2927 pati,
318 2846 497 2929 quominus
513 2844 623 2906 subitis
638 2842 820 2906 excursibus
834 2841 1047 2924 popularetur:
1071 2854 1175 2927 atque,

230 2947 282 3007 ubi
306 2946 379 3008 satis
401 2956 558 3021 terruerat,
573 2943 727 3025 parcendo
749 2964 856 3006 rursus
879 2944 1068 3007 irritamenta
1088 2945 1176 3026 pacis

230 3057 391 3109 ostentare.
436 3043 561 3117 Quibus
586 3045 679 3108 rebus
710 3044 825 3108 multae
855 3045 1004 3120 civitates,
1034 3065 1114 3128 quae
1143 3045 1176 3107 in

230 3147 317 3211 illum
342 3145 426 3208 diem
452 3167 611 3229 exaequo
638 3159 772 3231 egerant,
796 3146 875 3210 datis
902 3146 1071 3220 obsidibus,
1099 3145 1176 3210 iram

229 3268 370 3331 posuere,
398 3259 427 3310 et
452 3247 613 3328 praesidiis
636 3249 833 3331 castellisque
859 3245 1066 3310 circumdatae
1093 3257 1175 3309 tanta

138 3415 145 3426 .
229 3351 344 3415 ratione
370 3371 516 3433 curaque,
532 3363 568 3413 ut
593 3350 677 3412 nulla
702 3362 772 3412 ante
798 3347 973 3410 Britanniae
999 3368 1079 3410 nova
1104 3367 1175 3429 pars

229 3453 395 3519 illacessita
416 3452 579 3515 transierit.
723 3461 724 3464 ’

271 3553 364 3620 ΧΧΙ.
397 3553 540 3638 Sequens
574 3554 675 3617 hiems
709 3551 917 3630 saluberrimis
952 3551 1089 3616 consiliis
1124 3551 1176 3614 ab·

230 3671 369 3740 sumpta:
393 3677 537 3740 namque,
553 3667 588 3719 ut
601 3654 743 3719 homines
756 3652 887 3735 dispersi
902 3675 939 3718 ac
954 3651 1058 3731 rudes,
1076 3675 1174 3736 eoque

230 3762 260 3823 in
282 3759 366 3824 bella
386 3759 503 3836 faciles,
527 3758 622 3844 quati
645 3769 675 3822 et
698 3757 759 3821 otio
784 3778 840 3839 per
853 3757 1026 3840 voluptates
1050 3775 1161 3818 assues
1183 3820 1189 3829 ,
