2770 4324
250 355 292 412 62
574 369 604 410 c.
627 367 723 422 corn.
747 367 857 411 'rioms

251 517 369 580 tauniac
397 526 501 596 patet3
536 526 628 598 atque
658 534 748 576 omne
776 514 915 600 ignotum
942 537 998 599 pro
1026 517 1189 601 magnifico

251 629 307 680 est.
351 614 416 678 Sed
440 614 524 678 nulla
548 614 613 698 jam
637 613 717 678 ultra
738 635 825 698 gens,
845 614 921 678 nihil
942 616 1002 679 nisi
1023 617 1137 681 fluctus
1159 631 1189 683 et

251 738 332 793 saxa,
349 727 380 779 et
394 716 566 780 infestiores
589 715 743 779 Romani:
767 737 898 800 quorum
920 718 1096 798 superbiam
1109 719 1189 782 frus·

250 828 295 881 tra
308 839 364 902 per
385 818 569 900 obsequium
584 829 615 881 et
629 817 812 881 modestiam
835 818 992 902 effugeris.
1036 817 1189 901 Raptores

251 919 342 996 orbis,
357 931 521 1003 postquam
542 918 654 982 cuncta
674 918 866 982 vastantibus
888 918 1014 983 defuere
1036 932 1143 998 terrae,
1159 933 1190 984 et

251 1042 334 1085 mare
363 1033 556 1085 scrutantur:
596 1021 622 1084 si
650 1020 789 1102 locuples
814 1020 912 1084 hostis
941 1033 998 1100 est,
1029 1023 1111 1085 avari
1125 1035 1145 1100 ;‘
1164 1023 1190 1085 si

250 1144 374 1205 pauper,
399 1123 570 1185 ambitiosi:
601 1143 678 1206 quos
703 1144 765 1184 non
789 1120 910 1199 Oriens,
936 1144 999 1185 non
1024 1121 1189 1199 Occidens,

251 1225 413 1287 satiaverit.
468 1222 534 1286 Soli
570 1224 708 1286 onmium
738 1243 812 1304 opes
842 1235 933 1306 atque
962 1225 1097 1305 inopiam
1124 1225 1190 1305 pari

210 1315 213 1319 ’
250 1323 363 1386 affectu
407 1323 637 1404 concupiscunt.
695 1321 836 1399 Auferre,
874 1322 1035 1399 trucidare,
1071 1343 1188 1404 rapere,

251 1423 336 1486 falsis
365 1423 541 1486 nominibus
566 1423 751 1505 imperium;
782 1436 883 1508 atque,
911 1424 965 1486 ubi
994 1422 1190 1487 solitudinem

251 1523 375 1600 faciunt,
390 1545 500 1606 pacem
514 1524 697 1610 appellant.’'

291 1621 409 1689 XXXI.
433 1630 453 1684 f‘
463 1625 593 1689 Liberos
614 1627 726 1709 cuique
741 1647 778 1689 ac
792 1627 978 1710 propinquos
993 1647 1067 1689 suos
1082 1639 1189 1692 natura

251 1727 427 1789 carissimos
443 1748 511 1790 esse
526 1727 641 1803 voluit3
664 1725 696 1788 hi
711 1747 766 1807 per
779 1726 927 1802 delectus
944 1727 1017 1788 alibi
1038 1727 1188 1803 servituri,

251 1826 447 1894 auferuntur·
478 1826 624 1909 conjuges
651 1846 842 1908 sororesque,
870 1827 928 1889 etsi
954 1825 1098 1889 hostilem
1121 1826 1190 1888 libi·

250 1927 354 1990 dinem
382 1925 539 2009 effugiant,
569 1925 691 1987 nomine
720 1926 890 2008 amicorum
918 1936 1010 2008 atque
1033 1925 1189 2007 hospitum

250 2027 435 2109 polluuntur.
478 2025 788 2110 Bona-fortunasque
817 2027 848 2089 in
877 2025 1024 2090 tributum
1052 2040 1190 2112 egerunt,

251 2152 344 2193 annos
358 2129 391 2193 in
404 2128 612 2192 frumentum:
636 2149 762 2210 corpora
783 2127 850 2210 ipsa
864 2150 901 2192 ac
915 2149 1024 2192 manus
1048 2128 1133 2192 silvis
1153 2149 1190 2196 ac

252 2231 413 2313 paludibus
442 2229 633 2294 emuniendis
660 2228 743 2295 inter
766 2229 898 2296 verbero
923 2250 959 2292 ac
987 2228 1190 2293 contumelias

251 2345 419 2396 conterunt.
463 2331 546 2396 Nata
575 2333 712 2396 servituti
740 2332 893 2414 mancipia
922 2331 1020 2395 semel
1047 2342 1190 2406 veneunt,

251 2446 342 2516 atque
370 2432 449 2496 ultro
470 2454 488 2495 a
509 2432 640 2495 dominis
667 2433 806 2496 aluntur:
831 2432 986 2496 Britannia
1015 2434 1192 2497 servitutem

252 2547 350 2596 suam
368 2531 503 2616 quotidie
532 2533 616 2614 emit,
646 2533 781 2615 quotidie
810 2535 919 2616 pascit.
964 2534 1021 2608 Ac,
1053 2534 1133 2596 sicut
1161 2533 1192 2594 in

251 2633 366 2698 familia
386 2633 616 2696 recentissimus
639 2632 770 2716 quisque
800 2653 956 2694 servorum
978 2645 1009 2694 et
1035 2631 1191 2694 conservis

241 2734 383 2799 ‘ludibrio
405 2746 462 2811 est,
480 2735 524 2796 sic
539 2734 572 2796 in
585 2731 644 2796 hoc
659 2733 739 2794 orbis
760 2744 910 2795 terrarum
923 2743 1026 2794 vetere
1040 2730 1190 2796 famulatu

252 2837 322 2900 novi
345 2857 400 2898 nos
423 2848 454 2899 et
473 2835 551 2898 viles
566 2834 597 2896 in
612 2832 766 2896 excidium
787 2832 930 2912 petimur.
974 2829 1087 2914 Neque
1109 2831 1191 2894 enim

253 2957 324 2999 arva
338 2937 425 2999 nobis
447 2947 501 2997 aut
522 2934 645 2997 metalla
668 2944 720 2996 aut
744 2945 850 3015 portus
873 2945 954 3009 sunt,
970 2932 1083 3017 quibus
1106 2952 1191 2996 exer-

209 3102 212 3110 ,
253 3034 360 3099 condis
381 3056 587 3099 reservemur.
630 3033 736 3098 Virtus
761 3056 850 3120 porro
874 3056 910 3098 ac
932 3034 1046 3098 ferocia
1072 3033 1192 3116 subjec-

253 3150 353 3201 torum
394 3138 511 3220 ingrata
553 3136 796 3218 imperantibus:
842 3149 872 3198 et
911 3135 1116 3218 longinquitas
1156 3154 1192 3194 ac

253 3251 407 3302 secretum
441 3240 546 3324 ipsum
580 3259 642 3324 quo
677 3250 784 3314 tutius,
822 3259 859 3300 eo
896 3236 1081 3320 suspectius
1134 3233 1191 3310 Ita,

254 3339 373 3402 sublata
409 3361 463 3421 spe
499 3340 616 3415 veniae,
647 3338 770 3403 tandem
805 3337 917 3400 sumite
954 3337 1100 3411 animum,
1130 3346 1192 3398 tam

213 3491 216 3496 .
254 3439 366 3524 quibus
403 3440 495 3517 salus,
533 3461 626 3523 quam
661 3439 774 3523 quibus
809 3438 906 3522 gloria
940 3436 1099 3500 carissima
1135 3447 1190 3497 est

254 3541 467 3619 Trinobantes,
505 3540 619 3604 femina
653 3539 743 3616 duce,
779 3559 906 3602 exurere
942 3537 1104 3613 coloniam,
1142 3556 1192 3598 ex·

255 3664 389 3729 pugnare
411 3633 527 3730 castra‚'
542 3663 589 3720 ac,
611 3641 672 3705 nisi
692 3639 823 3704 felicitas
844 3641 875 3702 in
897 3637 1068 3705 socordiam
1085 3637 1191 3701 vertis·

254 3756 310 3823 sct,
333 3767 444 3810 exuere
470 3745 580 3830 jugum
601 3755 748 3825 potuere:
779 3764 835 3805 nos
865 3741 972 3825 integri
995 3752 1025 3804 et
1054 3736 1189 3802 indomiti
