2770 4324
266 383 307 442 64
589 400 620 440 c.
643 397 739 440 court.
762 397 872 441 rrcrrr

266 548 371 625 moris,
385 556 475 610 cantu
491 557 521 607 et
535 545 658 608 fremitu
673 545 919 630 clamoribusque
934 546 1076 611 dissonis.
1118 547 1190 613 Jam

266 667 325 730 que
368 647 500 730 agmina,
545 658 575 709 et
617 639 770 710 armorum
812 647 947 732 fulgores
991 648 1202 714 audentissimi

266 747 415 830 cujusque
443 768 610 828 procursu:
642 748 734 811 simul
755 748 981 812 instruebantur
1002 751 1106 814 acies:
1130 773 1201 815 curn

265 849 419 931 Agricola,
436 869 611 932 quanquam
630 849 746 912 laetum
762 861 792 913 et
806 852 857 912 vix
876 853 1073 914 munimentis
1089 854 1200 916 coerci-

265 963 332 1014 tum
366 951 496 1016 militem
531 951 716 1028 adhortatus,
752 953 792 1016 ita
828 953 993 1018 disseruit:
1033 957 1051 986 “
1066 953 1202 1017 Octavus

264 1075 362 1116 annus
385 1066 441 1131 est,
465 1054 698 1129 commilitones,
722 1075 760 1116 ex
782 1076 843 1137 quo
864 1055 974 1118 virtute
998 1066 1029 1117 et
1057 1056 1201 1137 auspiciis

264 1155 383 1237 imperii
410 1154 543 1218 Romani
566 1155 625 1216 fide
649 1167 740 1236 atque
771 1176 864 1238 opera
888 1167 990 1218 vestra
1013 1155 1202 1220 Britanniam

265 1258 398 1320 vicistis:
422 1268 465 1318 tot
480 1255 733 1336 expeditionibus,
750 1268 793 1320 tot
807 1256 941 1337 proeliis,
955 1278 1012 1320 seu
1025 1257 1201 1321 fortitudine

264 1357 410 1420 adversus
425 1355 528 1420 hostes
545 1378 600 1420 seu
615 1358 761 1441 patientia
777 1379 813 1420 ac
828 1357 929 1420 labore
937 1378 1042 1438 ¹paene
1057 1358 1204 1421 adversus

264 1459 363 1539 ipsam
390 1479 492 1520 rerum
519 1470 659 1521 naturam
688 1480 766 1543 opus
788 1457 855 1534 fuit,
879 1480 978 1542 neque
1000 1481 1051 1522 me
1072 1460 1205 1524 militum

263 1580 363 1642 neque
377 1581 433 1622 vos
448 1559 535 1622 ducis
550 1561 709 1640 poenituit.
750 1559 835 1644 Ergo
851 1563 977 1644 egressi,
994 1582 1052 1646 ego
1067 1573 1204 1624 veterum

264 1661 452 1744 legatorum,
470 1684 524 1724 vos
551 1663 688 1746 priorum
716 1663 907 1725 exercituum
931 1665 1087 1739 terminos,
1112 1663 1204 1726 finem

265 1761 439 1824 Britanniae
462 1783 523 1823 non
536 1761 619 1824 fama
640 1783 698 1825 nec
719 1785 850 1839 rumore,
867 1763 922 1825 sed
944 1766 1052 1827 castris
1068 1776 1098 1827 et
1113 1766 1205 1827 annis

264 1874 417 1924 tenemus.
461 1861 588 1924 Inventa
622 1861 779 1925 Britannia
807 1876 838 1926 et
866 1864 1003 1926 subacta.
1047 1863 1204 1946 Equidem

265 1983 356 2042 saepe
394 1963 425 2024 in
461 1963 592 2045 agmine,
622 1984 695 2026 cum
722 1985 777 2026 vos
813 1964 941 2048 paludes
977 1976 1136 2028 montesve
1173 1977 1203 2027 et

265 2063 393 2126 flumina
421 2062 592 2146 fatigarent,
615 2063 773 2128 fortissimi
803 2064 953 2149 cujusque
979 2087 1072 2128 voces
1101 2065 1204 2128 audie·

266 2165 346 2242 barn,
364 2165 496 2240 Quando
510 2164 632 2229 dabitur
652 2165 759 2242 hostis,
774 2166 894 2250 quando
909 2168 992 2230 acies
1004 2166 1032 2230 l,
1059 2166 1204 2242 Veniunt,

266 2291 283 2330 e
305 2268 428 2331 latebris
458 2269 524 2331 suis
553 2269 690 2332 extrusi:
714 2281 745 2332 et
765 2281 836 2332 vota
856 2270 1015 2352 virtusque
1037 2270 1069 2332 in
1091 2281 1204 2350 aperto,

266 2371 429 2451 omniaque
474 2391 568 2450 prona
610 2371 786 2446 victoribus
830 2383 922 2453 atque
965 2370 1074 2434 eadem
1115 2370 1205 2432 victis

266 2470 402 2531 adversa.
416 2468 540 2549 gNam,
564 2482 598 2531 ut
621 2491 782 2549 superasse
811 2483 929 2534 tantum
958 2473 1083 2546 itineris,
1112 2471 1205 2532 silvas
1245 2477 1248 2484 '

266 2571 411 2644 evasisse,
441 2570 586 2632 transisse
616 2571 767 2631 aestuaria
794 2569 959 2654 pulchrum
991 2592 1027 2632 ac
1059 2571 1205 2632 decorum

267 2673 297 2736 in
330 2669 485 2748 frontem3
523 2672 565 2734 ita
594 2667 782 2753 fugientibus
819 2671 1088 2750 periculosissima,
1126 2690 1204 2752 quae

267 2773 356 2836 hodie
368 2771 669 2855 prosperrimasunt.
713 2769 825 2853 Neque
849 2771 930 2833 enim
953 2771 1041 2833 nobis
1057 2781 1109 2832 aut
1122 2770 1204 2833 loco·

266 2897 335 2937 rum
351 2874 459 2936 eadem
473 2873 587 2935 notitia‘
600 2884 652 2935 aut
667 2877 896 2934 commeatuum
919 2871 1027 2934 eadem
1050 2870 1205 2934 abundan-

268 2977 329 3037 tia:
354 2974 406 3036 sed
434 2994 544 3035 manus
567 2983 598 3035 et
619 2994 703 3035 arma
724 2984 756 3035 et
776 2973 807 3036 in
829 2973 876 3036 his
903 2974 1014 3036 omnia.
1059 2972 1153 3047 Quod
1167 2973 1206 3034 ad

267 3095 317 3137 me
347 3075 462 3149 attinet,
488 3074 553 3158 jam
580 3073 697 3154 pridem
725 3074 802 3139 mihi
830 3075 988 3140 decretum
1017 3087 1073 3148 est,
1103 3093 1205 3155 neque

268 3176 418 3240 exercitus
433 3185 548 3258 ‘neque
571 3175 659 3242 ducis
687 3188 772 3259 terga
801 3189 865 3240 tuta
894 3197 974 3238 esse.
1017 3173 1150 3236 Proinde
1177 3187 1205 3236 et

267 3275 395 3342 honesta
422 3298 504 3343 mors
533 3278 614 3358 turpi
641 3279 704 3342 vita
731 3279 850 3361 potior;
888 3288 919 3340 et
947 3274 1142 3338 incolumitas
1171 3295 1205 3336 ac

267 3378 363 3441 decus
386 3378 496 3444 eodem
517 3379 585 3445 loco
609 3380 666 3442 sita
689 3392 779 3442 sunt:
803 3400 861 3441 nec
882 3378 1046 3461 inglorium
1059 3377 1161 3454 fuerit,
1177 3379 1204 3440 in

269 3481 335 3561 ipso
349 3491 497 3543 terrarum
512 3502 548 3542 ac
563 3493 687 3545 naturae
702 3481 762 3546 fine
778 3479 958 3543 cecidisse.”

309 3577 453 3642 XXXIV.
477 3581 544 3646 “Si
558 3603 654 3675 novae
676 3595 784 3666 gentes
806 3594 897 3670 atque
913 3583 1016 3665 ignota
1037 3582 1120 3644 acies
1136 3601 1192 3642 con

270 3685 407 3760 stitisset,
432 3684 561 3748 aliorum
583 3686 773 3748 exercituum
802 3684 950 3765 exemplis
971 3705 1026 3747 vos
1055 3683 1190 3748 hortarer

272 3806 350 3847 nunc
373 3799 474 3870 vestra
489 3787 599 3850 decora
624 3800 792 3859 recensete,
808 3799 926 3850 vestros
953 3785 1058 3848 ocrrlos
1086 3785 1201 3850 interro
