2772 4322
233 325 273 380 22
543 335 572 376 c.
596 332 692 378 cons.
717 331 853 376 merrus

202 465 390 557 captivum,
424 488 548 558 quoquo
583 471 675 543 modo
710 475 922 556 interceptum,
960 496 1033 538 curn
1069 479 1161 539 electe

227 575 421 662 popularium
442 596 579 652 suorum,
594 575 699 657 patriis
721 597 877 660 quemque
900 598 1003 654 armis,
1027 579 1151 640 commit

229 691 316 744 tunt:
348 679 474 742 victoria
509 677 601 762 hujus
630 677 680 741 vel
708 677 790 742 illius
818 701 874 761 pro
900 677 1088 764 praejudicio
1118 700 1152 744 ac

227 784 346 865 cipitur.
977 859 984 865 .

269 882 329 948 XI.
352 882 402 947 De
424 883 593 947 minoribus
615 883 708 947 rebus
733 884 888 968 principes
911 882 1104 960 consultaut3
1129 881 1166 946 de

227 985 394 1071 majoribus
417 1007 548 1049 omnes:
571 986 613 1050 ita
635 999 748 1063 tamen,
771 997 806 1050 ut
827 1007 864 1050 ee
887 1007 1020 1070 quoque,
1037 1007 1167 1070 quorum

226 1109 331 1173 penes.
344 1088 469 1170 plebem
490 1088 649 1155 arbitrium
671 1101 728 1165 est,
752 1087 834 1170 apud
854 1089 1007 1170 principes
1035 1100 1167 1173 pertrec-

227 1201 338 1253 tentur.
394 1190 526 1265 Coeunt,
563 1191 623 1252 nisi
659 1189 734 1274 quid
769 1190 929 1254 fortuitum
965 1202 996 1253 ct
1032 1190 1167 1253 subitum

227 1289 377 1368 inciderit,
401 1293 493 1354 certis
515 1291 636 1367 dicbus
659 1312 732 1354 cum
754 1304 806 1355 aut
835 1290 995 1354 inchoatur
1021 1291 1095 1354 luna
1116 1303 1167 1354 aut

228 1391 390 1474 impletur:
420 1415 493 1456 nam
514 1375 642 1478 {gendis
675 1392 768 1456 rebus
794 1392 853 1456 hoc
886 1392 1167 1474 auspicatissimum

228 1493 350 1558 initium
372 1495 515 1559 credunt:
553 1493 624 1558 Nec
646 1493 766 1559 diemm
787 1515 960 1572 numerum,
976 1507 1011 1557 ut
1031 1515 1097 1571 nos,
1114 1493 1168 1580 scd

228 1597 365 1674 noctium
386 1607 574 1679 computant.
620 1599 675 1661 Sic
697 1599 895 1674 constituunt,
915 1598 961 1661 sic
984 1596 1167 1660 condicunt:

228 1720 289 1760 nox
310 1696 423 1762 ducere
446 1699 529 1761 diem
550 1698 679 1762 videtur.
724 1697 807 1762 Illud
828 1720 867 1761 ex
888 1699 1027 1761 libertate
1049 1698 1169 1774 vitium,
1242 1721 1245 1737 ·

190 1812 194 1816 ’
228 1798 315 1882 quod
332 1819 392 1861 non
416 1799 518 1875 simul,
534 1821 593 1862 nec
615 1813 649 1862 ut
667 1799 747 1884 jussi
769 1800 963 1876 conveniunt,
980 1798 1036 1862 sed
1050 1811 1081 1862 et
1095 1799 1170 1862 alter

229 1913 260 1964 et
273 1902 381 1964 tertius
396 1899 461 1963 dies
485 1902 677 1964 cunctatione
700 1902 880 1965 coeuntium
902 1900 1083 1964 absumitur.
1127 1897 1170 1964 Ut

228 2001 335 2065 turbae
349 2001 474 2084 placuit,
491 2002 653 2066 considunt
667 2004 785 2066 armati.
821 2001 986 2066 Silentium
999 2023 1055 2085 per
1069 2023 1170 2066 sacer·

228 2102 327 2180 dotes,
353 2102 467 2187 quibus
495 2115 563 2167 tum
591 2093 625 2167 et
649 2103 809 2168 coercendi
834 2103 887 2190 jus
913 2115 970 2181 est,
993 2105 1161 2190 imperatur

230 2204 307 2269 Mox
333 2227 388 2269 rex
415 2205 465 2269 vel
500 2206 654 2294 princeps,
683 2219 774 2290 prout
808 2220 893 2272 aetas
930 2207 1052 2292 cuique,
1081 2219 1171 2288 prout

162 2329 165 2336 ¹
229 2308 381 2384 nobilitas,
410 2321 501 2392 prout
525 2309 621 2373 decus
649 2311 810 2387 bellorum,
832 2322 923 2395 prout
948 2309 1091 2374 facundia
1113 2321 1170 2385 est,

229 2408 404 2485 audiuntur,
428 2412 606 2473 auctoritate
629 2411 777 2474 suadendi
799 2413 908 2494 magis,
932 2433 1024 2494 quam
1044 2409 1170 2495 jubendi

228 2522 390 2593 potestate.
449 2510 484 2574 Si
520 2509 677 2591 displicuit
713 2512 871 2586 sententie,
908 2510 1032 2574 fremitu
1069 2531 1171 2592 asper-

142 2691 145 2698 *
229 2624 363 2690 nantur3
401 2611 448 2674 sin
476 2610 602 2696 placuit,
631 2609 762 2673 frameas
799 2610 987 2672 concutiunt.
1031 2610 1171 2672 Honore-

229 2714 387 2778 tissimum
401 2735 549 2776 assensus
570 2732 671 2796 genus
685 2724 742 2788 est,
758 2711 851 2774 armis
865 2708 1000 2774 laudare.

273 2813 350 2880 XII.
380 2813 471 2878 Licet
506 2813 588 2895 apud
616 2813 781 2876 concilium
813 2833 960 2878 accusare
989 2835 1112 2898 quoque
1142 2828 1172 2878 et

231 2915 397 2979 discrimen
418 2915 527 2996 capitis
549 2914 716 2978 intendere.
760 2912 925 2982 Distinctio
946 2937 1116 3002 poenarum
1134 2938 1172 2980 ex

231 3017 366 3080 delicto:
395 3015 565 3097 proditores
593 3029 625 3080 et
652 3017 826 3102 transfugas
855 3017 1014 3081 arboribus
1043 3039 1173 3102 suspeu-

232 3118 327 3194 dunt;
351 3118 479 3202 ignavos
503 3131 536 3184 et
555 3118 696 3182 imbelles
723 3132 754 3183 et
775 3141 901 3201 corpore
924 3119 1054 3182 infames
1076 3139 1173 3181 coeno

232 3240 269 3282 ac
283 3219 406 3304 palude,
422 3220 532 3304 injecta
553 3221 678 3304 insuper
699 3233 792 3297 crate,
805 3199 1173 3304 merguntssDiversitas

233 3321 376 3402 supplicii
418 3322 492 3386 illuc
532 3324 668 3405 respicit,
708 3335 854 3406 tanquam
896 3319 1014 3398 scelera
1056 3323 1172 3388 ostendi

233 3434 378 3504 oporteat,
415 3419 490 3486 dum
524 3425 702 3506 puniuntur,
740 3423 857 3508 flagitia
896 3422 1053 3488 abscondi.
1110 3424 1199 3518 Sed&

234 3537 265 3586 et
286 3523 451 3588 levioribus
473 3522 603 3603 delictis,
625 3547 681 3611 pro
702 3525 794 3588 modo
822 3545 1002 3610 poenarum,
1025 3545 1172 3609 equorum

234 3646 441 3710 pecorumque
492 3647 619 3690 numero
669 3627 801 3690 convicti
844 3626 1054 3690 mulctantur:
1104 3649 1173 3707 pars

237 3727 368 3790 mulctae
396 3730 460 3813 regi
489 3729 539 3793 vel
568 3731 691 3806 civitati,
719 3751 791 3812 pars
820 3730 889 3811 ipsi,
919 3729 970 3814 qui
998 3727 1175 3804 vindicatur,
