2772 4322
549 369 590 412 ne
614 369 793 412 Genusum.
831 429 835 435 Ι
883 365 887 385 ¹
939 335 942 342 ¹
1102 355 1143 412 29

214 530 268 584 um
283 532 385 583 tamen
400 532 453 582 aut
467 519 643 583 mercedem
657 543 664 595 ;
688 519 830 603 quamvis
850 517 977 580 audacis
999 516 1144 580 lasciviae

204 623 333 704 pretium
370 634 418 684 est
455 621 596 702 voluptas
633 621 840 706 spectantium
903 619 1026 696 Aleam,
1063 618 1144 702 quod

203 725 321 800 mirere,
340 723 433 787 sobrii
455 724 534 786 inter
555 723 634 786 seria
657 733 800 784 exercent
821 732 904 784 tanta
925 719 1062 784 lucrandi
1078 741 1146 800 per-

203 824 333 888 dendive
348 825 529 900 temeritate,
544 835 588 900 ut,
602 844 675 886 cum
690 824 792 886 omnia
806 822 995 898 defecerunt,
1011 833 1146 884 extremo

202 948 239 989 ac
260 927 429 990 novissimo
454 925 537 1007 iectu
552 924 591 987 de
612 924 751 987 libertate
767 943 804 986 ec
818 923 856 986 de
872 944 999 1006 corpore
1022 934 1146 985 eonten-

202 1027 284 1091 dent.
327 1025 439 1091 Victus
461 1026 663 1090 voluntariam
693 1026 872 1089 servitutem
893 1024 975 1086 edit:
1006 1025 1146 1106 quamvis

207 1129 357 1212 juvenior,
393 1128 535 1212 quamvis
570 1128 731 1200 robustior,
759 1126 878 1220 alligari
915 1147 948 1188 se
978 1147 1015 1188 ac
1043 1127 1145 1188 venire

203 1231 333 1314 patitur:
364 1251 402 1294 ea
430 1241 479 1292 est
506 1231 537 1292 in
566 1251 599 1292 re
628 1251 722 1311 prava
748 1228 942 1310 pervicacia:
966 1228 1026 1309 ipsi
1054 1227 1146 1289 fidem

203 1344 321 1395 vocant.
376 1332 489 1395 Servos
526 1331 708 1395 conditionis
742 1331 834 1415 hujus
871 1352 926 1402 ner
962 1329 1146 1393 commercia

204 1433 332 1508 tradunt,
349 1445 384 1496 ut
398 1455 432 1495 se
447 1454 570 1514 quoque
584 1432 701 1512 pudore
715 1433 860 1495 victoriae
875 1432 1042 1495 exsolvant.

246 1532 352 1596 XXV.
376 1531 495 1595 Ceteris
519 1533 624 1607 servis,
647 1554 709 1594 non
730 1533 762 1594 in
782 1544 921 1594 nostrum
942 1552 1061 1593 morem
1076 1531 1146 1593 des-

205 1635 309 1716 criptis
350 1655 406 1716 per
440 1632 589 1696 familiam
630 1633 818 1708 ministeriis,
855 1643 992 1695 utuntur.
1051 1631 1147 1694 Suam

169 1738 335 1832 gquisque
379 1735 495 1811 sedem,
540 1756 613 1797 suos
655 1746 782 1816 penates
825 1735 914 1818 regit.
992 1731 1147 1796 Frumenti

138 1851 178 1922 [t
204 1838 330 1902 modum
359 1837 512 1912 dominus,
540 1847 594 1898 aut
622 1836 740 1918 pecoris
769 1848 822 1899 aut
843 1836 948 1910 vestie,
972 1845 1005 1897 ut
1028 1833 1146 1908 colono,

98 1928 152 2002 *d
205 1940 355 2024 injungit:
393 1951 424 2002 et
452 1960 560 2002 servus
577 1938 738 2024 hactenus
766 1949 872 2020 paret3
906 1949 1008 2000 cetera
1036 1935 1146 1998 domus

89 2019 129 2156 p*
206 2041 306 2105 officia
319 2063 396 2106 uxor
409 2062 446 2103 ac
460 2041 549 2105 liberi
571 2053 789 2123 exsequuntur.
833 2038 1003 2101 Verberare
1024 2058 1146 2100 servum

206 2165 241 2205 ac
255 2143 387 2206 vinculis
402 2153 433 2204 et
448 2162 539 2222 opere
554 2162 706 2216 coercere,
721 2162 833 2202 rarum.
871 2138 1022 2202 Occidere
1039 2138 1147 2214 solent,

205 2266 265 2306 non
293 2243 454 2323 disciplina
483 2254 515 2304 et
544 2242 715 2316 severitate,
746 2239 802 2302 sed
829 2241 946 2319 impetu
976 2251 1005 2301 et
1030 2239 1084 2314 ira,
1115 2252 1147 2300 ut

205 2346 375 2418 inimicum,
404 2344 464 2405 nisi
493 2341 576 2424 quod
603 2343 740 2426 impune.
784 2338 902 2404 Liberti
929 2362 990 2404 non
1015 2340 1146 2404 multum

206 2466 299 2526 supra
320 2465 425 2507 servos
449 2456 530 2520 sunt,
545 2465 613 2506 raro
634 2443 758 2526 aliquod
779 2457 970 2507 momentum
991 2443 1023 2506 in
1044 2443 1146 2520 domo,

132 2570 135 2578 ·
203 2564 363 2645 punquam
384 2544 414 2608 in
438 2545 581 2622 civitate;
605 2546 741 2626 exceptis
763 2545 909 2610 duntaxat
930 2547 968 2608 iis
992 2547 1145 2629 gentibus,

106 2654 108 2666 '
143 2691 157 2723 „
195 2645 284 2729 'quae
305 2658 490 2730 regnantur:
518 2646 560 2708 ibi
586 2647 668 2709 enirn
683 2659 714 2708 et
729 2667 822 2730 super
844 2647 994 2730 ingenuos
1010 2660 1040 2710 et
1056 2667 1144 2727 super

148 2770 167 2834 k·
206 2748 323 2810 nobiles
360 2747 550 2811 ascendunt:
588 2748 671 2832 apud
700 2760 818 2810 ceteros
854 2749 987 2828 impares
1016 2748 1144 2811 libertini

204 2848 353 2910 libertatis
376 2862 592 2932 argumentum
614 2861 695 2920 sunt.

248 2949 371 3012 XXVI.
393 2949 497 3014 Fenus
520 2952 634 3034 agitare
650 2963 680 3015 et
694 2952 726 3013 in
740 2973 850 3015 usuras
873 2951 1045 3036 extendere,
1062 2953 1134 3036 igno
1169 3017 1175 3024 ,

206 3066 291 3115 tum:
315 3051 447 3134 ideoque
468 3053 568 3135 magis
591 3065 736 3129 servatur,
753 3074 845 3135 quam
861 3054 887 3116 si
901 3055 1031 3117 vetitum
1053 3067 1136 3118 esset

206 3154 281 3238 Agri
306 3174 362 3237 pro
376 3173 504 3215 numero
522 3152 676 3215 cultorum
690 3153 728 3214 ab
741 3155 893 3217 universis
908 3157 939 3218 in
953 3156 1038 3218 vices
1055 3177 1132 3220 occu

205 3269 323 3336 pantur,
357 3275 435 3338 quos
464 3275 537 3316 mox
571 3255 649 3317 inter
678 3277 711 3317 se
741 3255 912 3319 secundum
940 3249 1146 3340 dignationem

110 3376 130 3435 ζ
206 3357 394 3436 partiuntur:
432 3353 610 3420 facilitatem
646 3356 796 3441 partiendi
834 3378 1011 3438 camporum
1049 3360 1145 3440 spatia

206 3468 368 3536 praestant.
413 3456 497 3519 Arva
511 3479 674 3538 perennes
692 3470 829 3521 mutant:
854 3471 885 3520 et
899 3470 1038 3541 superest
1053 3479 1144 3542 ager;

207 3576 263 3618 nec
279 3557 448 3620 enimcum
461 3558 599 3622 ubertate
615 3571 646 3622 et
660 3560 858 3641 amplitudine
875 3560 931 3623 soli
954 3560 1057 3622 labore
1075 3579 1147 3620 eon·

208 3656 345 3732 tendunt,
366 3669 400 3719 ut
424 3661 561 3740 pomeria
589 3673 750 3724 conserant
778 3673 809 3724 et
836 3677 922 3742 prata
951 3672 1098 3745 separent¹
1117 3673 1146 3724 et

208 3759 308 3822 hortos
337 3759 458 3844 rigent:
497 3761 562 3824 sola
590 3773 686 3824 terrae
717 3783 807 3844 seges
837 3764 1012 3842 imperetur.
1057 3760 1145 3826 Unde

91 2194 95 2222 Ι
