2772 4322
211 316 252 374 44
456 328 459 335 ·
544 335 573 374 c.
594 333 691 375 conn.
715 333 826 375 rrcrrr

210 478 346 543 defnrrctr
361 479 502 556 hominis,
515 477 604 543 iouia
620 503 697 563 opus
709 481 767 545 fuit
782 503 788 544 :
813 503 906 565 quam
919 503 980 544 non
993 483 1147 563 petissem,

209 580 428 646 incursaturus
454 594 517 646 tam
540 587 633 646 s‘aeva
647 595 678 646 et
696 582 807 646 infesta
820 584 982 646 virtutibus
1004 595 1143 668 tempora

178 728 183 738 -
252 682 295 746 Il.
320 682 479 768 Legimus,
493 705 566 746 cum
578 684 715 746 Aruleno
727 683 859 748 Rustico
870 683 987 748 Pactus
1002 684 1151 762 Thrasea,

210 784 368 848 Herennio
384 785 547 848 Senecioni
569 783 698 848 Priscus
722 785 887 850 Helvidius
908 787 1022 850 laudati
1038 800 1151 864 essent,

209 887 338 968 capitale
366 885 485 948 fuisse:
508 907 610 969 neque
639 888 671 950 in
693 888 776 969 ipsos
802 888 894 952 modo
923 900 1073 964 auctores,
1097 889 1151 952 sed
1194 907 1202 930 ‘

209 988 240 1049 in
262 989 354 1050 libros
374 1007 496 1070 quoque
519 1007 627 1052 eorum
650 991 811 1065 saevitum,
826 989 967 1072 delegato
988 991 1162 1061 triumviris,

207 1089 385 1164 ministerio,
408 1101 444 1150 ut
471 1103 672 1153 monumenta
697 1089 938 1153 clarissimorum
960 1091 1151 1173 ingeniorum

210 1190 240 1251 in
254 1189 377 1252 comitio
392 1211 428 1252 ac
443 1189 509 1252 soro
532 1203 701 1254 urerentur.
747 1190 874 1254 Scilicet
889 1191 942 1254 illo
956 1192 1028 1274 igne
1042 1212 1150 1254 vocem

207 1291 313 1374 populi
329 1289 462 1354 Romani
485 1304 516 1355 et
537 1292 708 1355 libertatem
731 1304 855 1355 senatus
879 1305 909 1355 et
931 1283 1151 1355 censcientiam

208 1393 329 1476 generis
344 1392 471 1456 humani
493 1394 607 1456 aboleri
622 1392 853 1469 arbitrabantur,
868 1393 1004 1475 expulsis
1026 1395 1152 1475 insuper

208 1495 375 1577 sapientiae
410 1494 635 1578 professoribus
664 1506 756 1578 atque
794 1497 876 1564 omni
911 1497 992 1558 bona
1027 1508 1090 1558 arte
1120 1497 1150 1558 in

208 1595 334 1658 exilium
362 1607 440 1672 acta,
463 1617 502 1658 ne
525 1595 598 1679 quid
619 1617 753 1680 usquam
780 1596 945 1661 honestum
968 1589 1148 1661 occurreret.

208 1695 360 1759 Dedimus
382 1697 519 1777 profecto
540 1697 654 1780 grande
676 1699 840 1778 patientiae
854 1699 1096 1761 documentum:
1121 1711 1150 1760 et

208 1797 287 1859 sicut
301 1809 390 1860 vetus
406 1809 489 1860 aetas
504 1798 587 1874 vidit,
604 1797 678 1881 quid
698 1798 843 1861 ultimum
857 1799 889 1860 in
902 1798 1042 1861 libertate
1057 1810 1149 1871 esset,

207 1899 249 1961 ita
261 1919 329 1976 noe,
344 1899 419 1982 quid
432 1900 465 1961 in
479 1899 635 1974 servitute,
652 1897 795 1978 adempto
815 1920 871 1979 per
892 1899 1104 1980 inquisitiones
1120 1911 1149 1961 et

207 1999 351 2086 loquendi
366 1999 570 2084 audiendique
589 2002 784 2062 commercio.
829 1998 1011 2062 Memoriam
1027 2020 1149 2082 quoque

208 2104 307 2184 ipsam
321 2123 394 2166 cum
408 2123 484 2165 voce
498 2101 750 2184 perdidissemus
768 2102 793 2163 si
808 2113 871 2164 tarn
886 2102 1034 2187 innostra
1048 2113 1149 2186 potes-

208 2217 268 2267 tate
283 2217 367 2268 esset
381 2205 530 2282 oblivisci,
546 2225 639 2288 quam
655 2217 766 2294 tacere.

250 2305 310 2370 Ill.
340 2306 434 2371 Nunc
457 2301 589 2370 ¹demum
624 2306 703 2370 redit
735 2307 878 2369 animus:
917 2317 947 2368 et
975 2327 1150 2388 quanquam

208 2408 305 2487 primo
320 2409 423 2470 statim
436 2407 607 2482 beatissimi
631 2408 748 2471 saeculi
764 2421 831 2471 ortu
846 2407 951 2470 Nerva
970 2407 1088 2471 Caesar
1100 2428 1150 2468 res

208 2508 280 2570 olim
302 2507 513 2570 dissociabiles
539 2508 706 2580 miscuerit,
732 2510 937 2591 principatum
964 2529 1001 2569 ac
1029 2508 1150 2570 liberta·

208 2622 282 2684 tem,
310 2620 482 2692 augeatque
518 2607 653 2691 quotidie
682 2605 861 2670 felicitatem
896 2609 1017 2691 imperii
1046 2605 1150 2670 Nerva

209 2708 371 2794 Trajanus,
387 2732 445 2773 nec
460 2730 548 2791 spem
568 2708 660 2771 modo
675 2730 712 2770 ac
726 2720 832 2770 votum
853 2709 1000 2770 securitas
1015 2707 1149 2789 publica,

208 2813 264 2876 sed
284 2813 382 2894 ipsius
396 2812 459 2896 noti
473 2810 620 2875 fiduciam
633 2830 671 2871 ac
684 2809 783 2882 robur¹
799 2808 1019 2889 assumpserit3
1042 2822 1149 2898 natura

207 2925 310 2975 tamen
337 2911 519 2984 infirmitatis
550 2909 702 2994 humanae
731 2908 861 2973 tardiora
897 2922 968 2973 sunt
1002 2911 1148 2989 remedia,

207 3033 301 3095 quam
312 3011 409 3092 mala3
425 3018 465 3091 et,
478 3020 514 3076 ut
525 3033 654 3095 corpora
661 3019 770 3076 nostra
780 3012 865 3077 lente
878 3024 1059 3098 augescunt,
1089 3014 1149 3074 cito

208 3112 452 3194 exstinguuntur,
476 3112 521 3174 sic
543 3112 666 3195 ingenia
688 3110 849 3196 studiaque
873 3114 1060 3194 oppresseris
1075 3113 1149 3176 laci·

206 3214 277 3288 lius,
302 3215 623 3296 quarnrevocareris.
668 3212 761 3276 Subit
788 3215 900 3297 quippe
930 3215 1022 3276 etiarn
1051 3214 1149 3293 ipsius

208 3316 333 3378 inertiae
358 3314 508 3378 dulcedo:
539 3327 570 3378 et
598 3316 697 3378 inrisa
724 3315 824 3400 primo
849 3314 967 3377 desidia
993 3328 1149 3396 postremo

207 3427 336 3478 amatur.
380 3415 473 3498 Quid,
500 3413 528 3478 si
553 3437 609 3497 per
625 3412 803 3499 quindecim
817 3436 922 3491 annoS,
940 3414 1054 3498 grande
1070 3437 1148 3479 mor-

208 3517 277 3580 talis
292 3519 360 3580 aevi
381 3508 525 3599 spatium,
542 3518 631 3581 multi
646 3517 778 3580 fortuitis
802 3516 926 3579 casibus
960 3519 1149 3598 promptissi-

209 3639 278 3682 mus
293 3621 425 3704 quisque
441 3621 568 3684 saevitia
588 3619 735 3702 principis
757 3617 995 3682 interciderunt?
1038 3618 1147 3696 Pauci,

210 3733 249 3790 et,
264 3733 297 3784 ut
313 3722 354 3785 ita
368 3722 506 3789 dixerim.
523 3745 581 3785 non
605 3721 697 3784 inodo
719 3709 863 3796 aliorum,
875 3720 928 3784 sed
945 3722 1035 3784 etiarn
1055 3721 1146 3784 nostri
