2772 4322
256 315 344 357 rw
370 292 484 348 *rores

572 366 613 408 nn
638 364 817 408 annuarum.
1125 350 1164 408 35
1236 395 1241 406 Α

173 500 183 560 ’1
224 535 352 598 ingens;
375 515 549 598 veterisque
572 513 673 577 famae
695 513 756 576 lata
777 513 907 596 vestigia
928 525 1062 588 manent,
1085 525 1164 576 utra·

222 637 282 698 que
297 617 363 696 ripa
377 627 477 678 castra
491 637 527 678 ac
542 617 650 700 spatia,
666 635 797 698 quorum
816 614 932 677 ambitu
946 635 1028 677 nunc
1042 635 1165 698 quoque

222 717 357 780 metiaris
371 717 486 780 molem
507 737 679 799 manusque
694 717 796 799 gentis
811 728 842 779 et
855 728 919 778 tam
940 716 1045 799 magni
1064 701 1183 778 exitus

223 816 325 880 fidem.
382 816 650 880 Sexcentesimum
685 829 716 880 et
744 816 1016 900 quadragesimum
1051 837 1165 880 annum

224 918 296 980 urbs
318 930 422 981 nostra
443 918 562 1001 agebat,
586 939 660 986 cum
688 919 821 999 primum
845 917 1040 980 Cimbrorum
1062 917 1165 981 audita

224 1030 295 1081 sunt
317 1040 410 1095 arma,
429 1018 567 1082 Caecilio
582 1017 710 1082 Metello
735 1023 768 1079 et
791 1017 915 1099 Papirio
932 1017 1073 1081 Carbone
1094 1040 1165 1081 oon-

224 1119 356 1186 sulibus.
400 1119 452 1184 Ex
473 1142 534 1206 quo
557 1121 583 1184 si
605 1119 645 1182 ad
669 1119 798 1183 alterum
821 1119 1018 1201 Imperatoris
1041 1118 1164 1202 Trajani

223 1221 418 1286 consulatum
426 1228 657 1304 eomputemus,
673 1220 797 1284 ducenti
812 1219 908 1284 ferme
925 1232 959 1294 et¹
970 1219 1080 1283 decem
1094 1219 1164 1282 anni

222 1323 428 1406 colliguntur;
452 1323 569 1386 tamdiu
593 1321 760 1385 Germania
781 1322 922 1385 vincitur.
967 1320 1074 1384 Medio
1102 1333 1164 1384 tam

224 1421 305 1505 longi
320 1425 388 1487 aevi
412 1424 519 1506 spatio,
535 1422 632 1485 multa
646 1422 780 1496 invicem
794 1421 905 1484 damna
921 1442 929 1483 ε
952 1443 1012 1483 non
1029 1420 1164 1495 Samnis

223 1542 281 1584 non
304 1521 414 1596 Poeni,
437 1544 498 1584 non
519 1521 691 1606 Hispaniae
715 1519 884 1598 Galliaeve,
908 1542 946 1584 ne
969 1520 1075 1584 Parthi
1098 1523 1164 1604 qui·

221 1623 293 1685 dem
309 1624 432 1704 saepius
455 1623 660 1686 admonuere:
684 1622 798 1706 quippe
817 1643 912 1706 regno
927 1623 1053 1685 Arsacis
1068 1624 1165 1686 acrior

176 1795 179 1800 ,
221 1736 269 1788 est
298 1724 523 1788 Germanorum
551 1725 686 1788 libertas.
731 1723 817 1799 Quid
845 1727 929 1790 enim
956 1724 1040 1789 aliud
1064 1724 1163 1801 nobis,

181 1837 314 1910 ¹:quam
343 1827 471 1892 eaedem
495 1828 611 1902 Crassi,
634 1828 750 1891 amisso
779 1840 810 1891 et
837 1829 905 1913 ipse
934 1827 1063 1906 Pacoro,
1087 1826 1165 1904 infra

145 1947 159 2001 ,··
224 1926 401 1994 Ventidium
422 1929 560 2014 dejectus
584 1929 696 1994 Orien-s
724 1929 895 2014 objecerit?
939 1932 982 1994 At
1005 1929 1162 2006 Germani,

221 2030 361 2095 Carbone
390 2045 421 2096 et
452 2031 564 2094 Cassio
599 2043 631 2094 et
668 2032 786 2095 Scauro
814 2033 942 2095 Aurelio
973 2043 1004 2095 et
1033 2032 1164 2095 Servilio

223 2132 391 2218 Caepione,
416 2129 462 2194 M.
496 2153 619 2214 quoque
635 2132 752 2195 Manlio
766 2131 846 2194 fusis
872 2132 922 2195 vel
944 2134 1052 2214 captiS,
1076 2134 1164 2216 quin·

134 2307 138 2314 Γ
189 2317 191 2326 Ι
221 2255 281 2316 que
318 2233 411 2296 simul
447 2215 624 2294 consulares
661 2233 813 2308 exercitus
850 2231 973 2317 Populo
1010 2231 1163 2307 Romano,

114 2409 117 2419 ¹
145 2363 166 2382 ν»
222 2331 349 2408 Varum,
379 2344 503 2414 tresque
540 2353 612 2394 eum
648 2353 686 2395 eo
720 2323 868 2415 legiones
906 2333 999 2396 etiam
1037 2333 1164 2397 Caesari

222 2433 429 2496 abstulerunt:
453 2453 511 2496 nee
537 2434 662 2514 impune
690 2433 729 2498 C.
754 2434 872 2497 Marius
895 2436 926 2498 in
953 2434 1050 2512 ltalia,
1073 2435 1163 2500 divus

221 2534 324 2598 Julius
346 2535 377 2598 in
401 2534 511 2612 Gallia,
534 2533 658 2599 Drusus
685 2559 722 2600 ae
744 2534 882 2602 Neroet
905 2536 1109 2602 Germanicus
1131 2539 1163 2601 in

221 2639 286 2701 suis
323 2659 376 2700 eos
407 2638 532 2706 sedibus
566 2639 775 2720 perculerunt.
834 2639 910 2702 Mox
945 2641 1085 2723 ingentes
1124 2640 1163 2704 C,

147 2805 165 2828 =.
220 2738 361 2802 Caesaris
390 2741 491 2804 minae
521 2742 553 2804 in
581 2741 748 2818 ludibrium
775 2763 894 2805 versae.
950 2741 1026 2804 Inde
1053 2742 1160 2819 otium,

120 2902 126 2917 ,
220 2839 317 2904 donee
339 2842 501 2904 occasione
515 2842 686 2907 discordiae
708 2856 829 2912 nostrae
852 2855 883 2907 et
904 2842 1043 2907 civilium
1064 2865 1162 2908 armo-

222 2959 298 3018 rum,
329 2945 510 3026 oxpugnatis
526 2991 531 3000 .
546 2943 704 3027 legionum
739 2944 885 3020 hibernis,
920 2946 1012 3009 etiam
1043 2944 1161 3009 Gallias

220 3043 417 3108 affectavere:
441 3066 479 3107 ac
492 3066 599 3108 rursus
615 3046 707 3127 pulsi,
723 3046 794 3110 inde
808 3049 956 3132 proximis
972 3044 1161 3131 temporibus

104 3229 108 3237 ,
135 3222 140 3231 Ι
219 3145 395 3227 triumphati
410 3148 509 3230 magis
525 3168 619 3230 quam
633 3148 705 3210 victi
721 3162 802 3212 sunt.

152 3248 167 3300 ξ’
259 3243 434 3308 XXXVIII.
457 3248 551 3312 Nunc
573 3247 612 3311 de
636 3247 748 3312 Suavis
770 3250 935 3328 dicendum
958 3264 1014 3328 est,
1031 3274 1161 3336 quorum

84 3413 85 3420 ,
180 3422 200 3440 Ι,
220 3369 280 3412 non
289 3371 356 3428 una,
368 3359 404 3412 ut
413 3351 589 3414 Chattorum
605 3350 878 3430 Tencterorumre,
894 3374 990 3436 gens:
1014 3355 1160 3438 majorem

219 3449 301 3511 enim
336 3449 520 3515 Germaniae
556 3465 674 3534 partem
711 3453 856 3531 obtinent,
892 3456 1024 3539 propriis
1060 3455 1160 3518 adhuc

219 3551 392 3613 nationibus
414 3554 651 3639 nominibusque
673 3555 808 3634 discreti,
833 3578 1010 3641 quanquam
1024 3557 1055 3619 in
1077 3577 1159 3618 com-

219 3673 311 3717 mune
349 3651 444 3717 Suari
480 3669 637 3721 vocentur.
699 3657 824 3742 Insigne
867 3648 967 3742 gentis
1004 3657 1159 3740 obliquare

218 3755 333 3818 minem
370 3755 509 3840 nodoque
548 3760 777 3842 substringere:
802 3762 847 3824 sic
878 3760 973 3822 Saevi
1003 3781 1021 3822 a
1050 3761 1159 3824 ceteris

487 3895 489 3900 ·
577 3873 597 3908 ιἻ

599 3909 644 3943 ,ltu
650 3907 664 3939 il.
