2772 4322
623 321 793 366 ronrcorr.
1137 307 1179 366 49

196 486 200 494 ’
235 469 397 555 aliquando
412 481 444 534 ot
458 469 561 554 elegit.
608 469 728 535 Consul
750 471 893 556 egregiae
916 481 981 534 tum
1003 469 1070 552 spei
1084 469 1180 535 filiam

177 574 185 588 ⁴
242 573 348 657 juveni
363 572 438 636 milri
453 572 616 654 despondit
637 595 674 636 ac
694 585 764 656 post
781 571 986 638 Consulatum
1008 571 1176 648 collocavit,

234 687 264 738 et
280 669 382 739 statim
396 673 571 738 Britanniae
594 677 786 757 praepositus
809 687 866 752 est,
882 674 1001 760 adjecto
1021 675 1178 757 pontificu·

234 789 284 840 tus
299 776 479 840 sacerdotio.
725 802 741 817 ¹·
1032 817 1035 858 ,
1127 847 1129 854 ,

147 865 151 886 ¹
277 877 319 942 X.
343 878 517 942 Britanniae
533 881 628 942 situm
641 876 844 993 populosque,
860 879 965 942 multis
981 879 1179 962 scriptoribus

234 997 424 1044 memoratos
459 1003 520 1044 non
549 983 580 1043 in
613 982 871 1062 comparationem
906 1002 999 1044 curae
1028 983 1179 1064 ingeniive
1245 1007 1258 1032 ν
1294 1039 1296 1046 r

235 1082 386 1159 reseram3
411 1082 466 1145 scd
489 1083 561 1165 quia
583 1096 650 1145 tum
671 1084 807 1168 primum
827 1082 998 1164 perdomita
1026 1090 1082 1144 est.
1129 1047 1277 1172 lusi

235 1206 315 1266 quae
376 1183 495 1268 priores
548 1182 684 1248 nondum
735 1196 890 1266 comperta
916 1183 1090 1270 eloquentia
1111 1205 1208 1276 per·
1295 1221 1342 1276 ’,μ

136 1278 159 1316 ’ἦ
234 1284 368 1360 coluere,
391 1306 494 1348 rerum
517 1285 576 1348 fide
599 1284 764 1348 tradentur.
786 1284 976 1362 Britannia,
999 1284 1168 1348 insularum
1316 1281 1319 1288 ’

4 1202 167 1480 iil
235 1407 312 1467 quas
329 1385 471 1448 Romana
492 1386 598 1448 nosrtia
621 1386 844 1466 complectitur,
860 1387 1004 1462 maxima,
1021 1386 1120 1470 spatio
1142 1407 1179 1448 ac
1242 1387 1275 1475 μ’

108 1525 146 1604 Q,
236 1486 323 1547 coelo
352 1486 384 1546 in
414 1486 562 1547 orientem
592 1483 786 1561 Germaniae,
817 1487 848 1547 in
882 1485 1074 1550 occidentem
1095 1485 1178 1548 -His-

98 1589 140 1701 B
236 1587 343 1668 paniae
367 1585 558 1649 obtenditur:
583 1585 683 1649 Gallis
705 1587 737 1649 in
758 1586 920 1651 meridiem
941 1587 1034 1650 etiam
1056 1588 1176 1668 inspici-

57 1707 129 1790 p
236 1701 303 1751 tzur
335 1689 594 1769 septemtrionalia
616 1687 693 1773 ejus,
716 1689 809 1754 nullis
839 1701 943 1752 contra
971 1691 1069 1766 terris,
1092 1701 1180 1753 vasto

84 1821 127 1852 r
235 1804 327 1874 atque
347 1803 452 1876 aperto
474 1791 550 1855 mari
572 1792 763 1873 pulsantum
786 1790 931 1856 Formam
952 1793 1045 1855 totius
1060 1790 1180 1855 Britan·

87 1877 121 1944 bl
234 1895 316 1956 niae¹
343 1892 450 1957 Livius
487 1907 648 1970 veterum·
668 1892 784 1958 Fabius
821 1893 973 1960 Rusticus
1008 1895 1180 1958 recentium
1276 1932 1279 1945 -

108 1959 122 2065 i
236 1995 481 2079 eloquentissimi
504 2008 654 2072 auctores,
671 1997 819 2079 oblongae
836 1997 975 2061 scutulae
990 1981 1180 2079 vel‘bipenni

100 2085 197 2222 qt
191 2099 475 2162 assimulavere:
500 2109 531 2160 et
545 2109 593 2160 est
607 2113 645 2159 ea
658 2097 754 2160 facies
777 2099 851 2160 citra
871 2097 1082 2175 Caledoniam,
1097 2098 1179 2161 unde
1259 2111 1264 2118 '

180 2197 313 2307 aja
327 2201 507 2261 universum
521 2199 604 2260 fama
619 2210 667 2284 est
680 2211 891 2280 transgressa:
897 2198 1001 2259 sed
993 2220 1180 2264 immensum

202 2261 268 2382 liet
283 2321 406 2362 enorme
429 2311 497 2382 spat
499 2299 562 2360 ium
585 2299 828 2383 procurrentium
845 2312 981 2362 extremo
1001 2299 1066 2383 jam
1080 2299 1177 2363 littore

133 2359 175 2488 lp
237 2415 393 2476 terrarum,
424 2400 545 2463 velut
538 2421 568 2462 1n
598 2421 733 2462 cuneum
768 2412 940 2464 tenuatur.
971 2401 1067 2466 Hanc
1096 2423 1179 2466 oram

96 2469 143 2568 ild
237 2503 395 2566 novissimi
425 2503 518 2565 maris
528 2503 620 2566 tunc
651 2502 786 2584 primum
815 2501 956 2566 Romana
985 2504 1093 2570 classis
1123 2506 1179 2570 cir·

235 2617 397 2689 cumvecta
432 2603 565 2667 insulam
602 2625 672 2666 esse
708 2603 899 2668 Britanniam
934 2605 1105 2682 affirmavit,
1142 2627 1179 2672 ac

236 2707 326 2770 simul
350 2705 520 2790 incognitas
540 2705 577 2768 ad
601 2704 631 2768 id
654 2717 776 2786 tempus
798 2705 924 2782 insulae,
942 2727 1018 2788 quas
1033 2693 1179 2771 ¹Orcadas

237 2820 354 2883 uocant,
378 2809 492 2870 invenit
521 2807 712 2890 domuitque.
728 2805 906 2888 «Dispecta
936 2818 983 2870 cst
1011 2817 1042 2870 et
1063 2807 1178 2886 Thule,

236 2931 310 2974 nam
320 2908 470 2973 hactenus
482 2910 654 2994 jussam,et
668 2908 768 2972 hiems
797 2909 982 2990 appetebat,
1011 2908 1067 2976 sed
1094 2931 1179 2974 mare

235 3011 357 3094 pigrum
387 3022 418 3071 et
445 3030 536 3092 grase
562 3011 802 3093 remigantibus;
825 3011 986 3092 perhibent
1012 3034 1051 3074 ne
1080 3015 1179 3098 teptis
1268 3071 1272 3076 .

150 3180 161 3202 Ι,
236 3111 361 3196 quidem
389 3111 514 3194 perinde
541 3110 654 3174 att‘olli:
686 3112 786 3188 credo,
814 3113 896 3196 quod
923 3115 1053 3178 rariores
1082 3128 1179 3180 terrae

236 3225 426 3297 montesque,
444 3235 538 3276 causa
552 3235 589 3274 ac
603 3214 729 3276 materia
744 3226 971 3296 tempestatum,
985 3228 1016 3280 et
1029 3216 1179 3302 profunda

237 3316 335 3380 moles
365 3317 501 3379 continui
529 3313 623 3377 maris
652 3315 768 3378 tardius
797 3310 971 3398 impellitur.
1027 3317 1178 3382 Naturam

238 3415 355 3480 Oceani
371 3430 462 3500 atque
485 3429 589 3479 aestus
612 3438 715 3500 neque
728 3439 874 3500 quaerere
892 3419 989 3504 ¹hujus
1004 3422 1104 3505 operis
1120 3433 1176 3497 est,

238 3539 273 3582 ac
288 3518 377 3581 multi
398 3518 551 3603 retulere3
574 3541 672 3582 unum
693 3520 883 3586 addiderim:
911 3544 1065 3606 nusquam
1086 3523 1178 3585 latius

237 3617 385 3682 dominari
412 3639 507 3696 mare,
537 3620 670 3709 multum
697 3621 860 3685 fluminum
889 3621 950 3686 huc
978 3634 1069 3705 atque
1104 3622 1178 3688 illuc

238 3719 324 3799 ferre,
348 3743 405 3784 nec
428 3722 527 3786 littore
549 3734 639 3786 tenus
666 3745 842 3788 accrescere
866 3736 918 3786 aut
939 3724 1099 3801 resorberi,
1123 3724 1177 3791 sed

448 3881 450 3889 ,
543 3857 591 3928 gi·
612 3857 643 3873 ··
669 3859 698 3910 a

4 1983 14 2022 Ι
