2770 4324
604 360 776 404 aaarcoaa.
1125 343 1163 402 71

224 506 335 592 quibus
363 509 456 572 moris
485 508 592 574 illicita
619 508 732 586 mirari,
760 529 853 591 posse
877 507 971 586 etiam
996 505 1054 570 sub
1076 507 1167 578 malis

221 609 411 696 principibus
440 631 569 695 magnos
597 611 678 675 viros
715 631 808 674 esse:
845 609 1093 694 obsequiumque
1129 630 1167 672 ac

222 710 415 787 modestiam,
443 712 470 774 si
497 711 648 776 industria
675 732 713 776 ac
740 712 828 796 vigor
859 710 970 786 adsint,
1000 730 1039 772 eo
1065 708 1166 773 laudis

222 811 380 889 excedere,
407 835 469 896 quo
497 812 635 897 plerique
663 833 720 898 per
740 812 878 895 abrupta,
903 811 959 876 sed
986 812 1019 875 in
1046 810 1166 876 nullum

221 914 407 995 reipublicae
422 935 526 986 usum,
543 913 706 977 ambitiosa
719 925 817 976 morte
832 911 1049 977 inclaruerunt.

261 1010 374 1075 XLIII.
404 1013 490 1078 Finis
519 1015 600 1078 vitae
636 1013 704 1098 ejus
732 1013 822 1078 nobis
857 1014 1030 1090 luctuosus,
1057 1015 1166 1078 amicis

220 1115 326 1192 tristis,
349 1111 502 1178 'extraneis
525 1115 618 1187 etiam
638 1115 814 1199 ignotisque
836 1135 898 1177 non
919 1114 986 1177 sine
1008 1134 1083 1178 cura
1096 1114 1165 1178 fuit.

223 1215 343 1300 Vulgus
372 1238 494 1301 quoque
524 1229 555 1280 et
582 1215 634 1280 hic
661 1217 746 1281 aliud
767 1237 863 1302 agens
885 1215 1018 1298 populus
1040 1228 1072 1279 et
1092 1237 1165 1279 ven·

221 1319 346 1382 litavere
361 1319 400 1382 ad
414 1319 551 1394 domum,
568 1330 599 1383 et
612 1303 669 1400 per
681 1320 748 1383 fora
762 1330 793 1382 et
807 1319 940 1382 circulos
962 1318 1059 1382 locuti
1073 1329 1165 1381 sunt:

221 1441 278 1483 nec
293 1421 458 1503 quisquam
479 1418 583 1483 audita
603 1432 701 1483 morte
717 1420 880 1503 Agricolae
903 1433 957 1484 aut
973 1419 1105 1483 laetatus
1119 1430 1167 1500 est

221 1532 275 1583 aut
303 1522 406 1585 statim
432 1520 571 1584 oblitus·
599 1520 746 1604 Augebat
765 1522 995 1584 miserationem
1022 1532 1165 1583 constans

140 1635 144 1643 “
221 1644 334 1699 rumor,
363 1643 482 1686 veneno
513 1623 730 1706 interceptum.
785 1621 885 1686 Nobis
914 1621 991 1686 nihil
1018 1622 1164 1703 comperti

221 1723 373 1788 affirmare
401 1725 525 1789 ausim:
555 1737 694 1789 catenam
721 1746 777 1806 per
804 1745 929 1788 omnem
956 1723 1164 1787 valetudinem

217 1825 299 1909 ejus,
315 1827 452 1890 crebrius
467 1848 561 1911 quam
582 1848 622 1890 ex
642 1848 727 1890 more
750 1827 939 1912 principatus
965 1846 1022 1910 per
1041 1826 1165 1890 nuntios

220 1929 357 2006 visentis,
389 1940 420 1992 et
446 1928 626 1992 libertorum
660 1929 752 2011 primi
781 1941 812 1992 et
839 1927 1032 1992 medicorum
1066 1927 1165 1991 intimi

220 2051 354 2093 venere:
378 2031 443 2094 sive
458 2052 532 2094 cura
546 2030 623 2094 illud
641 2032 705 2094 sire
721 2031 878 2114 inquisitio
892 2042 967 2093 erat.
1013 2028 1165 2113 Supremo

221 2131 347 2213 quidem
372 2131 432 2208 die,
458 2143 614 2194 momenta
636 2131 809 2194 deficientis
832 2152 888 2211 per
909 2130 1075 2212 dispositos
1096 2153 1165 2194 cur-

221 2253 306 2294 sores
321 2233 460 2294 nuntiata
480 2230 649 2307 constabat,
664 2230 750 2293 nullo
770 2231 913 2293 credente
929 2231 974 2292 sic
989 2231 1164 2307 accelerari,
1260 2275 1261 2280 κ

221 2353 301 2414 quae
329 2332 423 2394 tristis
446 2329 575 2394 audiret.
618 2331 768 2412 Speciem
793 2342 897 2394 tamen
922 2331 1036 2395 doloris
1063 2331 1166 2396 animo

220 2432 369 2516 uultuque
383 2452 456 2514 prae
472 2453 506 2494 se
522 2431 601 2510 tulit,
618 2449 747 2496 securus
761 2432 826 2517 jam
841 2433 913 2509 odii,
930 2434 1029 2517 etqui
1042 2433 1165 2498 facilius

219 2533 427 2598 dissimularet
452 2533 610 2618 gaudium,
637 2555 732 2618 quam
758 2546 887 2598 metum.
933 2533 1015 2602 Satis
1044 2547 1165 2600 consta-

218 2635 280 2712 bat,
317 2635 398 2699 lecto
433 2647 617 2701 testamento
653 2635 827 2720 Agricolae,
864 2656 926 2720 quo
962 2636 1165 2702 cohaeredem

220 2741 351 2818 optimae
365 2739 453 2802 uxori
476 2750 507 2800 et
527 2739 685 2818 piissimae
700 2737 781 2802 filiae
803 2736 1017 2801 Domitianum
1031 2739 1163 2823 scripsit,

218 2837 366 2902 laetatum
380 2860 453 2902 eum
474 2839 560 2903 velut
580 2838 694 2902 honore
714 2839 916 2923 judicioque:
940 2851 1004 2903 tam
1025 2861 1119 2904 caeca
1134 2853 1165 2904 et

218 2952 363 3024 corrupta
382 2961 471 3004 mens
494 2940 627 3005 assiduis
642 2941 875 3005 adulationibus
894 2953 967 3018 erat,
982 2954 1018 3005 ut
1030 2943 1164 3006 nesciret

218 3041 331 3105 abono
352 3054 439 3124 patre
460 3063 522 3104 non
543 3043 636 3106 scribi
656 3042 830 3119 haeredem,
846 3045 906 3106 nisi
920 3044 1038 3109 malum
1051 3045 1163 3128 princi-

217 3165 299 3225 pem.
461 3216 465 3236 Ι
617 3215 623 3232 ἱ
853 3126 857 3140 ’

260 3244 380 3310 XLIV.
424 3245 527 3310 Natus
555 3257 621 3309 erat
648 3246 804 3330 Agricola,
836 3246 915 3311 Caio
939 3248 1074 3312 Caesare
1104 3261 1162 3312 ter-

217 3349 295 3410 tium
315 3348 451 3425 consule,
475 3347 583 3412 Idibus
606 3346 728 3412 Juniis:
755 3350 890 3413 excessit
915 3363 1001 3414 sexto
1023 3363 1055 3414 et
1074 3351 1162 3434 quin·

217 3449 398 3531 quagesima
420 3471 510 3527 anno,
534 3449 655 3514 decimo
677 3448 837 3514 Kalendas
860 3451 1063 3536 Septembris,
1088 3450 1161 3515 Col·

217 3554 287 3633 lega
300 3547 471 3633 Priscoque
492 3551 683 3615 consulibus.
728 3551 822 3626 Quod
837 3554 864 3618 si
878 3553 1018 3618 habiturn
1037 3573 1161 3635 quoque

216 3652 284 3737 ejus
299 3651 414 3734 posteri
438 3672 566 3716 noscere
587 3653 692 3730 velint,
715 3652 871 3718 decentior
885 3659 980 3738 quarn
1002 3652 1162 3717 sublimior

217 3752 295 3828 fu'in
332 3751 408 3816 nihil
436 3765 538 3818 metus
567 3756 599 3818 in
626 3755 723 3832 vultu,
753 3754 849 3840 gratia
884 3755 944 3819 oris
981 3768 1159 3838 supererat·
