<?xml version="1.0" encoding="UTF-8"?>
<!DOCTYPE html PUBLIC "-//W3C//DTD XHTML 1.0 Transitional//EN"
    "http://www.w3.org/TR/xhtml1/DTD/xhtml1-transitional.dtd">
<html xmlns="http://www.w3.org/1999/xhtml" xml:lang="en" lang="en">
 <head>
  <title>
</title>
<meta http-equiv="Content-Type" content="text/html;charset=utf-8" />
  <meta name='ocr-system' content='tesseract 3.04.00' />
  <meta name='ocr-capabilities' content='ocr_page ocr_carea ocr_par ocr_line ocrx_word'/>
</head>
<body>
  <div class='ocr_page' id='page_1' title='image "./germaniaandagri03tacigoog/germaniaandagri03tacigoog_0055.png"; bbox 0 0 2772 4322; ppageno 0'>
   <div class='ocr_carea' id='block_1_1' title="bbox 241 349 946 410">
    <p class='ocr_par' dir='ltr' id='par_1_1' title="bbox 241 349 946 410">
     <span class='ocr_line' id='line_1_1' title="bbox 241 349 946 410; baseline 0.003 -2"><span class='ocrx_word' id='word_1_1' title='bbox 241 349 292 410; x_wconf 75' lang='lat'><strong>38,</strong></span> <span class='ocrx_word' id='word_1_2' title='bbox 473 383 483 394; x_wconf 34' lang='grc' dir='ltr'>κ</span> <span class='ocrx_word' id='word_1_3' title='bbox 551 369 582 409; x_wconf 90' lang='lat' dir='ltr'><strong>c.</strong></span> <span class='ocrx_word' id='word_1_4' title='bbox 606 367 702 410; x_wconf 84' lang='lat' dir='ltr'><strong>conn.</strong></span> <span class='ocrx_word' id='word_1_5' title='bbox 726 367 862 410; x_wconf 72' lang='lat' dir='ltr'><strong>ricinos</strong></span> <span class='ocrx_word' id='word_1_6' title='bbox 935 375 946 385; x_wconf 91' lang='lat'><em>·</em></span> 
     </span>
    </p>
   </div>
   <div class='ocr_carea' id='block_1_2' title="bbox 164 514 1180 1212">
    <p class='ocr_par' dir='ltr' id='par_1_2' title="bbox 240 514 1180 803">
     <span class='ocr_line' id='line_1_2' title="bbox 240 514 1178 601; baseline 0.006 -24"><span class='ocrx_word' id='word_1_7' title='bbox 240 527 381 578; x_wconf 85' lang='lat' dir='ltr'><strong>externos</strong></span> <span class='ocrx_word' id='word_1_8' title='bbox 406 515 572 596; x_wconf 90' lang='lat' dir='ltr'><strong>patiuntur.</strong></span> <span class='ocrx_word' id='word_1_9' title='bbox 617 514 681 578; x_wconf 88' lang='lat' dir='ltr'><strong>Sed</strong></span> <span class='ocrx_word' id='word_1_10' title='bbox 706 516 753 578; x_wconf 88' lang='lat' dir='ltr'><strong>vis</strong></span> <span class='ocrx_word' id='word_1_11' title='bbox 782 528 814 579; x_wconf 88' lang='lat' dir='ltr'><strong>et</strong></span> <span class='ocrx_word' id='word_1_12' title='bbox 834 517 968 597; x_wconf 90' lang='lat' dir='ltr'><strong>potentia</strong></span> <span class='ocrx_word' id='word_1_13' title='bbox 998 516 1121 601; x_wconf 82' lang='lat' dir='ltr'><strong>regibus</strong></span> <span class='ocrx_word' id='word_1_14' title='bbox 1144 535 1178 584; x_wconf 78' lang='lat' dir='ltr'><strong>er</strong></span> 
     </span>
     <span class='ocr_line' id='line_1_3' title="bbox 240 616 1180 704; baseline 0.003 -26"><span class='ocrx_word' id='word_1_15' title='bbox 240 617 418 681; x_wconf 85' lang='lat' dir='ltr'><strong>auctoritate</strong></span> <span class='ocrx_word' id='word_1_16' title='bbox 454 616 619 681; x_wconf 87' lang='lat' dir='ltr'>Romana:</span> <span class='ocrx_word' id='word_1_17' title='bbox 656 639 725 680; x_wconf 85' lang='lat' dir='ltr'><strong>raro</strong></span> <span class='ocrx_word' id='word_1_18' title='bbox 759 619 852 682; x_wconf 90' lang='lat' dir='ltr'><strong>armis</strong></span> <span class='ocrx_word' id='word_1_19' title='bbox 895 619 1017 695; x_wconf 78' lang='lat' dir='ltr'><strong>nostrie,</strong></span> <span class='ocrx_word' id='word_1_20' title='bbox 1057 620 1180 704; x_wconf 85' lang='lat' dir='ltr'><strong>saepius</strong></span> 
     </span>
     <span class='ocr_line' id='line_1_4' title="bbox 241 719 869 803; baseline 0.008 -23"><span class='ocrx_word' id='word_1_21' title='bbox 241 719 371 800; x_wconf 88' lang='lat' dir='ltr'><strong>pecunia</strong></span> <span class='ocrx_word' id='word_1_22' title='bbox 381 719 535 803; x_wconf 83' lang='lat' dir='ltr'><strong>juvantur,</strong></span> <span class='ocrx_word' id='word_1_23' title='bbox 551 740 610 782; x_wconf 92' lang='lat' dir='ltr'><strong>nee</strong></span> <span class='ocrx_word' id='word_1_24' title='bbox 624 720 727 794; x_wconf 83' lang='lat' dir='ltr'><strong>minus</strong></span> <span class='ocrx_word' id='word_1_25' title='bbox 741 719 869 788; x_wconf 66' lang='lat' dir='ltr'><strong>valent..</strong></span> 
     </span>
    </p>

    <p class='ocr_par' dir='ltr' id='par_1_3' title="bbox 164 816 1180 1212">
     <span class='ocr_line' id='line_1_5' title="bbox 280 816 1179 907; baseline 0.004 -24"><span class='ocrx_word' id='word_1_26' title='bbox 280 816 392 884; x_wconf 85' lang='lat' dir='ltr'><strong>XLIII.</strong></span> <span class='ocrx_word' id='word_1_27' title='bbox 415 820 511 884; x_wconf 87' lang='lat' dir='ltr'>Retro</span> <span class='ocrx_word' id='word_1_28' title='bbox 538 820 698 904; x_wconf 84' lang='lat' dir='ltr'>Marsigni,</span> <span class='ocrx_word' id='word_1_29' title='bbox 723 820 860 899; x_wconf 87' lang='lat' dir='ltr'><strong>Gothini,</strong></span> <span class='ocrx_word' id='word_1_30' title='bbox 885 821 952 900; x_wconf 89' lang='lat' dir='ltr'><strong>Osi,</strong></span> <span class='ocrx_word' id='word_1_31' title='bbox 976 821 1072 896; x_wconf 91' lang='lat' dir='ltr'><strong>Burii,</strong></span> <span class='ocrx_word' id='word_1_32' title='bbox 1095 837 1179 907; x_wconf 87' lang='lat' dir='ltr'><strong>terga</strong></span> 
     </span>
     <span class='ocr_line' id='line_1_6' title="bbox 242 922 1180 1008; baseline 0 -20"><span class='ocrx_word' id='word_1_33' title='bbox 242 923 529 988; x_wconf 84' lang='lat' dir='ltr'>Marcomannorum</span> <span class='ocrx_word' id='word_1_34' title='bbox 551 922 793 1008; x_wconf 77' lang='lat' dir='ltr'><strong>Quadorumque</strong></span> <span class='ocrx_word' id='word_1_35' title='bbox 822 923 991 987; x_wconf 89' lang='lat' dir='ltr'><strong>claudunt:</strong></span> <span class='ocrx_word' id='word_1_36' title='bbox 1021 945 1039 987; x_wconf 89' lang='lat' dir='ltr'><strong>e</strong></span> <span class='ocrx_word' id='word_1_37' title='bbox 1067 925 1180 1008; x_wconf 92' lang='lat' dir='ltr'><strong>quibus</strong></span> 
     </span>
     <span class='ocr_line' id='line_1_7' title="bbox 164 1023 1170 1110; baseline 0.001 -21"><span class='ocrx_word' id='word_1_38' title='bbox 164 1077 171 1089; x_wconf 84' lang='lat'><em>‚</em></span> <span class='ocrx_word' id='word_1_39' title='bbox 241 1025 390 1110; x_wconf 81' lang='lat' dir='ltr'><strong>Marsigni</strong></span> <span class='ocrx_word' id='word_1_40' title='bbox 413 1038 445 1089; x_wconf 88' lang='lat' dir='ltr'><strong>et</strong></span> <span class='ocrx_word' id='word_1_41' title='bbox 459 1023 547 1089; x_wconf 91' lang='lat' dir='ltr'><strong>Burii</strong></span> <span class='ocrx_word' id='word_1_42' title='bbox 570 1045 711 1087; x_wconf 81' lang='lat' dir='ltr'>sermone</span> <span class='ocrx_word' id='word_1_43' title='bbox 733 1026 878 1109; x_wconf 85' lang='lat' dir='ltr'><strong>cultuque</strong></span> <span class='ocrx_word' id='word_1_44' title='bbox 896 1025 1017 1089; x_wconf 82' lang='lat' dir='ltr'><strong>Suevos</strong></span> <span class='ocrx_word' id='word_1_45' title='bbox 1035 1027 1170 1090; x_wconf 87' lang='lat' dir='ltr'><strong>referum</strong></span> 
     </span>
     <span class='ocr_line' id='line_1_8' title="bbox 240 1125 1180 1212; baseline 0 -22"><span class='ocrx_word' id='word_1_46' title='bbox 240 1125 392 1191; x_wconf 84' lang='lat' dir='ltr'><strong>Gothinos</strong></span> <span class='ocrx_word' id='word_1_47' title='bbox 408 1125 538 1203; x_wconf 88' lang='lat' dir='ltr'><strong>Gallica,</strong></span> <span class='ocrx_word' id='word_1_48' title='bbox 556 1125 638 1189; x_wconf 80' lang='lat' dir='ltr'><strong>Osos</strong></span> <span class='ocrx_word' id='word_1_49' title='bbox 653 1125 831 1190; x_wconf 88' lang='lat' dir='ltr'><strong>Pannonica</strong></span> <span class='ocrx_word' id='word_1_50' title='bbox 848 1127 955 1212; x_wconf 79' lang='lat' dir='ltr'><strong>lingua</strong></span> <span class='ocrx_word' id='word_1_51' title='bbox 968 1129 1107 1212; x_wconf 85' lang='lat' dir='ltr'><strong>coarguit</strong></span> <span class='ocrx_word' id='word_1_52' title='bbox 1120 1150 1180 1190; x_wconf 91' lang='lat' dir='ltr'><strong>non</strong></span> 
     </span>
    </p>
   </div>
   <div class='ocr_carea' id='block_1_3' title="bbox 239 1227 1325 1320">
    <p class='ocr_par' dir='ltr' id='par_1_4' title="bbox 239 1227 1325 1320">
     <span class='ocr_line' id='line_1_9' title="bbox 239 1227 1325 1320; baseline 0.003 -30"><span class='ocrx_word' id='word_1_53' title='bbox 239 1249 309 1292; x_wconf 87' lang='lat' dir='ltr'><strong>esse</strong></span> <span class='ocrx_word' id='word_1_54' title='bbox 333 1227 516 1304; x_wconf 87' lang='lat' dir='ltr'><strong>Germanos,</strong></span> <span class='ocrx_word' id='word_1_55' title='bbox 539 1239 571 1291; x_wconf 90' lang='lat' dir='ltr'><strong>et</strong></span> <span class='ocrx_word' id='word_1_56' title='bbox 598 1227 681 1310; x_wconf 92' lang='lat' dir='ltr'><strong>quod</strong></span> <span class='ocrx_word' id='word_1_57' title='bbox 706 1227 819 1292; x_wconf 90' lang='lat' dir='ltr'><strong>tributa</strong></span> <span class='ocrx_word' id='word_1_58' title='bbox 846 1231 1012 1310; x_wconf 88' lang='lat' dir='ltr'><strong>patiuntur.</strong></span> <span class='ocrx_word' id='word_1_59' title='bbox 1056 1228 1181 1320; x_wconf 83' lang='lat' dir='ltr'><strong>Partem</strong></span> <span class='ocrx_word' id='word_1_60' title='bbox 1216 1262 1218 1270; x_wconf 40' lang='lat' dir='ltr'><em>s</em></span> <span class='ocrx_word' id='word_1_61' title='bbox 1324 1243 1325 1250; x_wconf 74' lang='grc'>’</span> 
     </span>
    </p>
   </div>
   <div class='ocr_carea' id='block_1_4' title="bbox 236 1328 1231 2836">
    <p class='ocr_par' dir='ltr' id='par_1_5' title="bbox 236 1328 1212 2329">
     <span class='ocr_line' id='line_1_10' title="bbox 239 1328 1180 1415; baseline 0.001 -22"><span class='ocrx_word' id='word_1_62' title='bbox 239 1330 420 1394; x_wconf 87' lang='lat' dir='ltr'><strong>tributorum</strong></span> <span class='ocrx_word' id='word_1_63' title='bbox 443 1328 612 1406; x_wconf 83' lang='lat' dir='ltr'>Sarmatae,</span> <span class='ocrx_word' id='word_1_64' title='bbox 641 1340 760 1411; x_wconf 89' lang='lat' dir='ltr'><strong>partem</strong></span> <span class='ocrx_word' id='word_1_65' title='bbox 782 1329 895 1406; x_wconf 83' lang='lat' dir='ltr'><strong>Quadi,</strong></span> <span class='ocrx_word' id='word_1_66' title='bbox 926 1343 962 1394; x_wconf 90' lang='lat' dir='ltr'><strong>ut</strong></span> <span class='ocrx_word' id='word_1_67' title='bbox 990 1330 1180 1415; x_wconf 83' lang='lat' dir='ltr'><strong>alienigenis,</strong></span> 
     </span>
     <span class='ocr_line' id='line_1_11' title="bbox 238 1414 1180 1517; baseline 0.001 -22"><span class='ocrx_word' id='word_1_68' title='bbox 238 1433 408 1513; x_wconf 88' lang='lat' dir='ltr'><strong>imponunt.</strong></span> <span class='ocrx_word' id='word_1_69' title='bbox 454 1414 602 1509; x_wconf 82' lang='lat' dir='ltr'><strong>Gothini,¹</strong></span> <span class='ocrx_word' id='word_1_70' title='bbox 621 1453 683 1516; x_wconf 91' lang='lat' dir='ltr'><strong>quo</strong></span> <span class='ocrx_word' id='word_1_71' title='bbox 717 1433 818 1517; x_wconf 84' lang='lat' dir='ltr'><strong>magis</strong></span> <span class='ocrx_word' id='word_1_72' title='bbox 853 1432 977 1515; x_wconf 87' lang='lat' dir='ltr'><strong>pudeat,</strong></span> <span class='ocrx_word' id='word_1_73' title='bbox 1008 1445 1039 1496; x_wconf 90' lang='lat' dir='ltr'><strong>et</strong></span> <span class='ocrx_word' id='word_1_74' title='bbox 1066 1433 1180 1496; x_wconf 80' lang='lat' dir='ltr'><strong>sermm</strong></span> 
     </span>
     <span class='ocr_line' id='line_1_12' title="bbox 238 1533 1180 1618; baseline 0.002 -22"><span class='ocrx_word' id='word_1_75' title='bbox 238 1533 395 1598; x_wconf 87' lang='lat' dir='ltr'><strong>effodiunt.</strong></span> <span class='ocrx_word' id='word_1_76' title='bbox 441 1533 621 1618; x_wconf 82' lang='lat' dir='ltr'><strong>Omnesque</strong></span> <span class='ocrx_word' id='word_1_77' title='bbox 643 1533 676 1597; x_wconf 92' lang='lat' dir='ltr'><strong>hi</strong></span> <span class='ocrx_word' id='word_1_78' title='bbox 696 1535 803 1617; x_wconf 92' lang='lat' dir='ltr'><strong>populi</strong></span> <span class='ocrx_word' id='word_1_79' title='bbox 829 1556 931 1617; x_wconf 89' lang='lat' dir='ltr'><strong>pauca</strong></span> <span class='ocrx_word' id='word_1_80' title='bbox 952 1535 1180 1617; x_wconf 83' lang='lat' dir='ltr'><strong>campestrium,</strong></span> 
     </span>
     <span class='ocr_line' id='line_1_13' title="bbox 237 1636 1181 1721; baseline 0.001 -22"><span class='ocrx_word' id='word_1_81' title='bbox 237 1648 374 1700; x_wconf 87' lang='lat' dir='ltr'><strong>cetemm</strong></span> <span class='ocrx_word' id='word_1_82' title='bbox 397 1636 492 1699; x_wconf 89' lang='lat' dir='ltr'><strong>saltus</strong></span> <span class='ocrx_word' id='word_1_83' title='bbox 515 1648 546 1699; x_wconf 90' lang='lat' dir='ltr'><strong>et</strong></span> <span class='ocrx_word' id='word_1_84' title='bbox 567 1636 698 1700; x_wconf 87' lang='lat' dir='ltr'><strong>vertices</strong></span> <span class='ocrx_word' id='word_1_85' title='bbox 723 1637 873 1700; x_wconf 91' lang='lat' dir='ltr'><strong>montium</strong></span> <span class='ocrx_word' id='word_1_86' title='bbox 898 1637 1072 1721; x_wconf 85' lang='lat' dir='ltr'><strong>jugumque</strong></span> <span class='ocrx_word' id='word_1_87' title='bbox 1100 1639 1181 1700; x_wconf 88' lang='lat' dir='ltr'><strong>inse·</strong></span> 
     </span>
     <span class='ocr_line' id='line_1_14' title="bbox 236 1733 1180 1818; baseline 0.001 -19"><span class='ocrx_word' id='word_1_88' title='bbox 236 1736 354 1800; x_wconf 86' lang='lat' dir='ltr'><strong>derunt.</strong></span> <span class='ocrx_word' id='word_1_89' title='bbox 397 1733 523 1799; x_wconf 90' lang='lat' dir='ltr'><strong>Dirimit</strong></span> <span class='ocrx_word' id='word_1_90' title='bbox 545 1737 627 1799; x_wconf 86' lang='lat' dir='ltr'><strong>enirn</strong></span> <span class='ocrx_word' id='word_1_91' title='bbox 643 1735 815 1818; x_wconf 84' lang='lat' dir='ltr'><strong>scinditque</strong></span> <span class='ocrx_word' id='word_1_92' title='bbox 832 1735 980 1799; x_wconf 83' lang='lat' dir='ltr'><strong>Sueviam</strong></span> <span class='ocrx_word' id='word_1_93' title='bbox 1002 1738 1180 1801; x_wconf 90' lang='lat' dir='ltr'><strong>continuum</strong></span> 
     </span>
     <span class='ocr_line' id='line_1_15' title="bbox 237 1827 1179 1921; baseline -0.001 -21"><span class='ocrx_word' id='word_1_94' title='bbox 237 1838 387 1900; x_wconf 88' lang='lat' dir='ltr'><strong>montium</strong></span> <span class='ocrx_word' id='word_1_95' title='bbox 409 1837 530 1920; x_wconf 86' lang='lat' dir='ltr'><strong>jugum,</strong></span> <span class='ocrx_word' id='word_1_96' title='bbox 552 1836 633 1899; x_wconf 88' lang='lat' dir='ltr'><strong>ultra</strong></span> <span class='ocrx_word' id='word_1_97' title='bbox 653 1835 737 1919; x_wconf 91' lang='lat' dir='ltr'><strong>quod</strong></span> <span class='ocrx_word' id='word_1_98' title='bbox 756 1827 907 1917; x_wconf 85' lang='lat' dir='ltr'><strong>plurimae</strong></span> <span class='ocrx_word' id='word_1_99' title='bbox 933 1850 1042 1920; x_wconf 87' lang='lat' dir='ltr'><strong>gentes</strong></span> <span class='ocrx_word' id='word_1_100' title='bbox 1064 1851 1179 1921; x_wconf 88' lang='lat' dir='ltr'><strong>agunt:</strong></span> 
     </span>
     <span class='ocr_line' id='line_1_16' title="bbox 237 1935 1212 2022; baseline 0.004 -22"><span class='ocrx_word' id='word_1_101' title='bbox 237 1959 276 2000; x_wconf 85' lang='lat' dir='ltr'><strong>ex</strong></span> <span class='ocrx_word' id='word_1_102' title='bbox 297 1938 409 2022; x_wconf 90' lang='lat' dir='ltr'><strong>quibus</strong></span> <span class='ocrx_word' id='word_1_103' title='bbox 430 1937 580 2000; x_wconf 87' lang='lat' dir='ltr'><strong>latissime</strong></span> <span class='ocrx_word' id='word_1_104' title='bbox 601 1948 685 2018; x_wconf 90' lang='lat' dir='ltr'><strong>patet</strong></span> <span class='ocrx_word' id='word_1_105' title='bbox 699 1935 870 2020; x_wconf 88' lang='lat' dir='ltr'><strong>Lygiorum</strong></span> <span class='ocrx_word' id='word_1_106' title='bbox 890 1959 1003 2001; x_wconf 88' lang='lat' dir='ltr'><strong>nomen</strong></span> <span class='ocrx_word' id='word_1_107' title='bbox 1024 1940 1055 2002; x_wconf 93' lang='lat' dir='ltr'><strong>in</strong></span> <span class='ocrx_word' id='word_1_108' title='bbox 1077 1939 1180 2021; x_wconf 80' lang='lat' dir='ltr'><strong>plures</strong></span> <span class='ocrx_word' id='word_1_109' title='bbox 1208 2011 1212 2018; x_wconf 52' lang='grc'><strong><em>,</em></strong></span> 
     </span>
     <span class='ocr_line' id='line_1_17' title="bbox 237 2037 1179 2119; baseline 0.002 -16"><span class='ocrx_word' id='word_1_110' title='bbox 237 2040 377 2108; x_wconf 85' lang='lat' dir='ltr'><strong>civitates</strong></span> <span class='ocrx_word' id='word_1_111' title='bbox 391 2037 550 2102; x_wconf 89' lang='lat' dir='ltr'><strong>diffusum.</strong></span> <span class='ocrx_word' id='word_1_112' title='bbox 594 2037 830 2103; x_wconf 88' lang='lat' dir='ltr'><strong>Valentissimas</strong></span> <span class='ocrx_word' id='word_1_113' title='bbox 846 2040 1021 2103; x_wconf 88' lang='lat' dir='ltr'><strong>nominasse</strong></span> <span class='ocrx_word' id='word_1_114' title='bbox 1036 2041 1179 2119; x_wconf 88' lang='lat' dir='ltr'><strong>sufficiet,</strong></span> 
     </span>
     <span class='ocr_line' id='line_1_18' title="bbox 237 2137 1170 2221; baseline 0.002 -17"><span class='ocrx_word' id='word_1_115' title='bbox 237 2137 338 2218; x_wconf 74' lang='lat' dir='ltr'><strong>Arion,</strong></span> <span class='ocrx_word' id='word_1_116' title='bbox 368 2139 577 2217; x_wconf 85' lang='lat' dir='ltr'><strong>Helveconas,</strong></span> <span class='ocrx_word' id='word_1_117' title='bbox 608 2138 773 2218; x_wconf 87' lang='lat' dir='ltr'><strong>Manimos,</strong></span> <span class='ocrx_word' id='word_1_118' title='bbox 811 2139 947 2221; x_wconf 88' lang='lat' dir='ltr'><strong>Elysios,</strong></span> <span class='ocrx_word' id='word_1_119' title='bbox 978 2140 1170 2206; x_wconf 89' lang='lat' dir='ltr'><strong>Naharvalos</strong></span> 
     </span>
     <span class='ocr_line' id='line_1_19' title="bbox 239 2242 1180 2329; baseline 0.001 -21"><span class='ocrx_word' id='word_1_120' title='bbox 239 2243 331 2329; x_wconf 88' lang='lat' dir='ltr'><strong>Apud</strong></span> <span class='ocrx_word' id='word_1_121' title='bbox 345 2242 536 2307; x_wconf 87' lang='lat' dir='ltr'><strong>Naharvalos</strong></span> <span class='ocrx_word' id='word_1_122' title='bbox 559 2243 702 2327; x_wconf 86' lang='lat' dir='ltr'><strong>antiquae</strong></span> <span class='ocrx_word' id='word_1_123' title='bbox 723 2243 880 2327; x_wconf 85' lang='lat' dir='ltr'><strong>religionis</strong></span> <span class='ocrx_word' id='word_1_124' title='bbox 894 2244 986 2308; x_wconf 91' lang='lat' dir='ltr'><strong>lucus</strong></span> <span class='ocrx_word' id='word_1_125' title='bbox 1002 2245 1180 2309; x_wconf 82' lang='lat' dir='ltr'><strong>ostenditur.</strong></span> 
     </span>
    </p>

    <p class='ocr_par' dir='ltr' id='par_1_6' title="bbox 237 2329 1231 2836">
     <span class='ocr_line' id='line_1_20' title="bbox 239 2329 1231 2424; baseline 0.003 -17"><span class='ocrx_word' id='word_1_126' title='bbox 239 2346 396 2410; x_wconf 88' lang='lat' dir='ltr'><strong>Praesidet</strong></span> <span class='ocrx_word' id='word_1_127' title='bbox 417 2345 561 2410; x_wconf 87' lang='lat' dir='ltr'><strong>sacerdos</strong></span> <span class='ocrx_word' id='word_1_128' title='bbox 582 2345 727 2409; x_wconf 84' lang='lat' dir='ltr'><strong>muliebri</strong></span> <span class='ocrx_word' id='word_1_129' title='bbox 749 2358 875 2409; x_wconf 87' lang='lat' dir='ltr'><strong>ornatu:</strong></span> <span class='ocrx_word' id='word_1_130' title='bbox 904 2345 960 2410; x_wconf 87' lang='lat' dir='ltr'><strong>sed</strong></span> <span class='ocrx_word' id='word_1_131' title='bbox 980 2345 1066 2424; x_wconf 89' lang='lat' dir='ltr'><strong>deos,</strong></span> <span class='ocrx_word' id='word_1_132' title='bbox 1090 2349 1180 2410; x_wconf 88' lang='lat' dir='ltr'><strong>inter·</strong></span> <span class='ocrx_word' id='word_1_133' title='bbox 1226 2329 1231 2337; x_wconf 42' lang='lat'><strong>,</strong></span> 
     </span>
     <span class='ocr_line' id='line_1_21' title="bbox 238 2445 1180 2532; baseline 0.004 -23"><span class='ocrx_word' id='word_1_134' title='bbox 238 2448 406 2529; x_wconf 87' lang='lat' dir='ltr'><strong>pretatione</strong></span> <span class='ocrx_word' id='word_1_135' title='bbox 436 2445 588 2522; x_wconf 88' lang='lat' dir='ltr'><strong>Romana,</strong></span> <span class='ocrx_word' id='word_1_136' title='bbox 620 2445 782 2509; x_wconf 87' lang='lat' dir='ltr'><strong>Castorem</strong></span> <span class='ocrx_word' id='word_1_137' title='bbox 812 2445 1036 2532; x_wconf 88' lang='lat' dir='ltr'><strong>Pollucemque</strong></span> <span class='ocrx_word' id='word_1_138' title='bbox 1064 2471 1180 2512; x_wconf 88' lang='lat' dir='ltr'><strong>merno-</strong></span> 
     </span>
     <span class='ocr_line' id='line_1_22' title="bbox 237 2547 1179 2626; baseline 0.001 -14"><span class='ocrx_word' id='word_1_139' title='bbox 237 2562 326 2626; x_wconf 79' lang='lat' dir='ltr'><strong>rant;</strong></span> <span class='ocrx_word' id='word_1_140' title='bbox 347 2569 385 2611; x_wconf 91' lang='lat' dir='ltr'><strong>ea</strong></span> <span class='ocrx_word' id='word_1_141' title='bbox 400 2548 445 2611; x_wconf 88' lang='lat' dir='ltr'><strong>vis</strong></span> <span class='ocrx_word' id='word_1_142' title='bbox 465 2548 604 2624; x_wconf 88' lang='lat' dir='ltr'><strong>numini;</strong></span> <span class='ocrx_word' id='word_1_143' title='bbox 628 2568 740 2610; x_wconf 90' lang='lat' dir='ltr'><strong>nomen</strong></span> <span class='ocrx_word' id='word_1_144' title='bbox 755 2548 852 2611; x_wconf 91' lang='lat' dir='ltr'><strong>Alcis.</strong></span> <span class='ocrx_word' id='word_1_145' title='bbox 897 2547 993 2612; x_wconf 87' lang='lat' dir='ltr'><strong>Nulla</strong></span> <span class='ocrx_word' id='word_1_146' title='bbox 1007 2551 1179 2625; x_wconf 87' lang='lat' dir='ltr'><strong>simulacra,</strong></span> 
     </span>
     <span class='ocr_line' id='line_1_23' title="bbox 238 2649 1180 2734; baseline 0 -20"><span class='ocrx_word' id='word_1_147' title='bbox 238 2651 357 2716; x_wconf 92' lang='lat' dir='ltr'><strong>nullum</strong></span> <span class='ocrx_word' id='word_1_148' title='bbox 384 2650 563 2734; x_wconf 84' lang='lat' dir='ltr'><strong>peregrinae</strong></span> <span class='ocrx_word' id='word_1_149' title='bbox 593 2649 818 2734; x_wconf 84' lang='lat' dir='ltr'><strong>superstitionis</strong></span> <span class='ocrx_word' id='word_1_150' title='bbox 846 2650 1034 2732; x_wconf 86' lang='lat' dir='ltr'><strong>vestigium:</strong></span> <span class='ocrx_word' id='word_1_151' title='bbox 1064 2664 1100 2714; x_wconf 92' lang='lat' dir='ltr'><strong>ut</strong></span> <span class='ocrx_word' id='word_1_152' title='bbox 1122 2651 1180 2714; x_wconf 84' lang='lat' dir='ltr'><strong>fra·</strong></span> 
     </span>
     <span class='ocr_line' id='line_1_24' title="bbox 238 2750 1179 2836; baseline -0.001 -19"><span class='ocrx_word' id='word_1_153' title='bbox 238 2767 299 2817; x_wconf 89' lang='lat' dir='ltr'><strong>tres</strong></span> <span class='ocrx_word' id='word_1_154' title='bbox 328 2765 441 2829; x_wconf 90' lang='lat' dir='ltr'><strong>tamen,</strong></span> <span class='ocrx_word' id='word_1_155' title='bbox 470 2763 505 2816; x_wconf 93' lang='lat' dir='ltr'><strong>ut</strong></span> <span class='ocrx_word' id='word_1_156' title='bbox 528 2750 669 2836; x_wconf 86' lang='lat' dir='ltr'><strong>juvenes,</strong></span> <span class='ocrx_word' id='word_1_157' title='bbox 699 2762 890 2813; x_wconf 83' lang='lat' dir='ltr'><strong>venerantur.</strong></span> <span class='ocrx_word' id='word_1_158' title='bbox 938 2750 1086 2816; x_wconf 89' lang='lat' dir='ltr'><strong>Ceterum</strong></span> <span class='ocrx_word' id='word_1_159' title='bbox 1113 2753 1179 2817; x_wconf 84' lang='lat' dir='ltr'><strong>Arii</strong></span> 
     </span>
    </p>
   </div>
   <div class='ocr_carea' id='block_1_5' title="bbox 238 2852 1179 3026">
    <p class='ocr_par' dir='ltr' id='par_1_7' title="bbox 238 2852 1179 3026">
     <span class='ocr_line' id='line_1_25' title="bbox 238 2852 1179 2940; baseline -0.003 -22"><span class='ocrx_word' id='word_1_160' title='bbox 238 2877 332 2940; x_wconf 90' lang='lat' dir='ltr'><strong>super</strong></span> <span class='ocrx_word' id='word_1_161' title='bbox 359 2856 450 2930; x_wconf 84' lang='lat' dir='ltr'><strong>viros,</strong></span> <span class='ocrx_word' id='word_1_162' title='bbox 480 2853 592 2937; x_wconf 90' lang='lat' dir='ltr'><strong>quibus</strong></span> <span class='ocrx_word' id='word_1_163' title='bbox 622 2862 816 2914; x_wconf 89' lang='lat' dir='ltr'><strong>enumeratos</strong></span> <span class='ocrx_word' id='word_1_164' title='bbox 851 2852 943 2934; x_wconf 90' lang='lat' dir='ltr'><strong>paulo</strong></span> <span class='ocrx_word' id='word_1_165' title='bbox 979 2865 1049 2916; x_wconf 92' lang='lat' dir='ltr'><strong>ante</strong></span> <span class='ocrx_word' id='word_1_166' title='bbox 1084 2875 1179 2936; x_wconf 91' lang='lat' dir='ltr'><strong>popu·</strong></span> 
     </span>
     <span class='ocr_line' id='line_1_26' title="bbox 239 2949 1165 3026; baseline -0.001 -11"><span class='ocrx_word' id='word_1_167' title='bbox 239 2953 283 3015; x_wconf 91' lang='lat' dir='ltr'><strong>los</strong></span> <span class='ocrx_word' id='word_1_168' title='bbox 310 2950 502 3026; x_wconf 88' lang='lat' dir='ltr'><strong>antecedunt,</strong></span> <span class='ocrx_word' id='word_1_169' title='bbox 532 2961 645 3024; x_wconf 87' lang='lat' dir='ltr'><strong>truces,</strong></span> <span class='ocrx_word' id='word_1_170' title='bbox 671 2949 781 3015; x_wconf 91' lang='lat' dir='ltr'><strong>insitae</strong></span> <span class='ocrx_word' id='word_1_171' title='bbox 807 2949 918 3014; x_wconf 84' lang='lat' dir='ltr'><strong>feritati</strong></span> <span class='ocrx_word' id='word_1_172' title='bbox 947 2963 1010 3014; x_wconf 89' lang='lat' dir='ltr'><strong>arte</strong></span> <span class='ocrx_word' id='word_1_173' title='bbox 1039 2972 1076 3014; x_wconf 90' lang='lat' dir='ltr'><strong>ac</strong></span> <span class='ocrx_word' id='word_1_174' title='bbox 1104 2963 1165 3021; x_wconf 83' lang='lat' dir='ltr'><strong>tem</strong></span> 
     </span>
    </p>
   </div>
   <div class='ocr_carea' id='block_1_6' title="bbox 238 3050 1241 3752">
    <p class='ocr_par' dir='ltr' id='par_1_8' title="bbox 238 3050 1241 3752">
     <span class='ocr_line' id='line_1_27' title="bbox 239 3050 1179 3138; baseline 0.002 -22"><span class='ocrx_word' id='word_1_175' title='bbox 239 3074 310 3136; x_wconf 89' lang='lat' dir='ltr'><strong>pore</strong></span> <span class='ocrx_word' id='word_1_176' title='bbox 346 3052 566 3115; x_wconf 89' lang='lat' dir='ltr'><strong>lenocinantur.</strong></span> <span class='ocrx_word' id='word_1_177' title='bbox 630 3050 728 3135; x_wconf 88' lang='lat' dir='ltr'><strong>Nigra</strong></span> <span class='ocrx_word' id='word_1_178' title='bbox 764 3065 861 3130; x_wconf 90' lang='lat' dir='ltr'><strong>scuta,</strong></span> <span class='ocrx_word' id='word_1_179' title='bbox 899 3054 993 3117; x_wconf 87' lang='lat' dir='ltr'><strong>tincta</strong></span> <span class='ocrx_word' id='word_1_180' title='bbox 1028 3075 1179 3138; x_wconf 88' lang='lat' dir='ltr'><strong>corpora:</strong></span> 
     </span>
     <span class='ocr_line' id='line_1_28' title="bbox 238 3153 1179 3240; baseline 0 -22"><span class='ocrx_word' id='word_1_181' title='bbox 238 3168 318 3218; x_wconf 89' lang='lat' dir='ltr'><strong>otras</strong></span> <span class='ocrx_word' id='word_1_182' title='bbox 346 3154 386 3217; x_wconf 90' lang='lat' dir='ltr'><strong>ad</strong></span> <span class='ocrx_word' id='word_1_183' title='bbox 412 3153 528 3236; x_wconf 92' lang='lat' dir='ltr'><strong>proelia</strong></span> <span class='ocrx_word' id='word_1_184' title='bbox 556 3167 662 3218; x_wconf 87' lang='lat' dir='ltr'><strong>noctes</strong></span> <span class='ocrx_word' id='word_1_185' title='bbox 698 3155 825 3239; x_wconf 87' lang='lat' dir='ltr'><strong>legunt:</strong></span> <span class='ocrx_word' id='word_1_186' title='bbox 863 3157 991 3240; x_wconf 89' lang='lat' dir='ltr'><strong>ipsaque</strong></span> <span class='ocrx_word' id='word_1_187' title='bbox 1020 3154 1179 3230; x_wconf 82' lang='lat' dir='ltr'><strong>formidine</strong></span> 
     </span>
     <span class='ocr_line' id='line_1_29' title="bbox 239 3243 1179 3340; baseline 0 -20"><span class='ocrx_word' id='word_1_188' title='bbox 239 3270 329 3340; x_wconf 87' lang='lat' dir='ltr'><strong>atque</strong></span> <span class='ocrx_word' id='word_1_189' title='bbox 351 3256 461 3319; x_wconf 90' lang='lat' dir='ltr'><strong>umbra</strong></span> <span class='ocrx_word' id='word_1_190' title='bbox 474 3256 577 3321; x_wconf 90' lang='lat' dir='ltr'><strong>feralis</strong></span> <span class='ocrx_word' id='word_1_191' title='bbox 600 3258 753 3320; x_wconf 84' lang='lat' dir='ltr'><strong>exercitus</strong></span> <span class='ocrx_word' id='word_1_192' title='bbox 776 3272 922 3320; x_wconf 90' lang='lat' dir='ltr'><strong>terrorem</strong></span> <span class='ocrx_word' id='word_1_193' title='bbox 936 3243 1080 3333; x_wconf 77' lang='lat' dir='ltr'><strong>inferunt,</strong></span> <span class='ocrx_word' id='word_1_194' title='bbox 1095 3257 1179 3320; x_wconf 92' lang='lat' dir='ltr'><strong>nullo</strong></span> 
     </span>
     <span class='ocr_line' id='line_1_30' title="bbox 239 3358 1178 3444; baseline 0.001 -22"><span class='ocrx_word' id='word_1_195' title='bbox 239 3358 372 3422; x_wconf 89' lang='lat' dir='ltr'><strong>hostium</strong></span> <span class='ocrx_word' id='word_1_196' title='bbox 401 3359 568 3422; x_wconf 89' lang='lat' dir='ltr'><strong>sustinente</strong></span> <span class='ocrx_word' id='word_1_197' title='bbox 596 3380 711 3422; x_wconf 83' lang='lat' dir='ltr'><strong>norum</strong></span> <span class='ocrx_word' id='word_1_198' title='bbox 733 3380 769 3422; x_wconf 93' lang='lat' dir='ltr'><strong>ae</strong></span> <span class='ocrx_word' id='word_1_199' title='bbox 790 3359 876 3423; x_wconf 82' lang='lat' dir='ltr'><strong>velut</strong></span> <span class='ocrx_word' id='word_1_200' title='bbox 897 3358 1051 3422; x_wconf 82' lang='lat' dir='ltr'><strong>infernum</strong></span> <span class='ocrx_word' id='word_1_201' title='bbox 1072 3381 1178 3444; x_wconf 89' lang='lat' dir='ltr'><strong>aspec-</strong></span> 
     </span>
     <span class='ocr_line' id='line_1_31' title="bbox 239 3460 1178 3546; baseline 0 -21"><span class='ocrx_word' id='word_1_202' title='bbox 239 3473 323 3526; x_wconf 89' lang='lat' dir='ltr'><strong>tum:</strong></span> <span class='ocrx_word' id='word_1_203' title='bbox 346 3481 419 3524; x_wconf 89' lang='lat' dir='ltr'><strong>nam</strong></span> <span class='ocrx_word' id='word_1_204' title='bbox 440 3461 530 3543; x_wconf 91' lang='lat' dir='ltr'><strong>primi</strong></span> <span class='ocrx_word' id='word_1_205' title='bbox 551 3461 584 3524; x_wconf 91' lang='lat' dir='ltr'><strong>in</strong></span> <span class='ocrx_word' id='word_1_206' title='bbox 606 3460 749 3524; x_wconf 90' lang='lat' dir='ltr'><strong>omnibus</strong></span> <span class='ocrx_word' id='word_1_207' title='bbox 762 3461 887 3546; x_wconf 88' lang='lat' dir='ltr'><strong>proeliis</strong></span> <span class='ocrx_word' id='word_1_208' title='bbox 910 3461 993 3524; x_wconf 88' lang='lat' dir='ltr'><strong>oculi</strong></span> <span class='ocrx_word' id='word_1_209' title='bbox 1006 3462 1178 3525; x_wconf 85' lang='lat' dir='ltr'><strong>vincuntur.</strong></span> 
     </span>
     <span class='ocr_line' id='line_1_32' title="bbox 238 3559 1241 3650; baseline 0.001 -23"><span class='ocrx_word' id='word_1_210' title='bbox 238 3563 339 3627; x_wconf 90' lang='lat' dir='ltr'><strong>Trans</strong></span> <span class='ocrx_word' id='word_1_211' title='bbox 369 3559 656 3648; x_wconf 82' lang='lat' dir='ltr'><strong>LygiosGothones</strong></span> <span class='ocrx_word' id='word_1_212' title='bbox 671 3576 846 3648; x_wconf 85' lang='lat' dir='ltr'><strong>regnantur,</strong></span> <span class='ocrx_word' id='word_1_213' title='bbox 868 3563 961 3646; x_wconf 91' lang='lat' dir='ltr'><strong>paulo</strong></span> <span class='ocrx_word' id='word_1_214' title='bbox 979 3564 1045 3650; x_wconf 88' lang='lat' dir='ltr'><strong>jam</strong></span> <span class='ocrx_word' id='word_1_215' title='bbox 1066 3564 1179 3628; x_wconf 90' lang='lat' dir='ltr'><strong>adduc·</strong></span> <span class='ocrx_word' id='word_1_216' title='bbox 1238 3597 1241 3603; x_wconf 92' lang='lat'>·</span> 
     </span>
     <span class='ocr_line' id='line_1_33' title="bbox 239 3663 1178 3752; baseline 0.002 -22"><span class='ocrx_word' id='word_1_217' title='bbox 239 3667 308 3744; x_wconf 87' lang='lat' dir='ltr'><strong>tius,</strong></span> <span class='ocrx_word' id='word_1_218' title='bbox 338 3687 432 3752; x_wconf 88' lang='lat' dir='ltr'><strong>quam</strong></span> <span class='ocrx_word' id='word_1_219' title='bbox 468 3677 588 3730; x_wconf 88' lang='lat' dir='ltr'><strong>ceterae</strong></span> <span class='ocrx_word' id='word_1_220' title='bbox 627 3663 853 3730; x_wconf 86' lang='lat' dir='ltr'><strong>Germanorum</strong></span> <span class='ocrx_word' id='word_1_221' title='bbox 887 3678 1007 3751; x_wconf 85' lang='lat' dir='ltr'><strong>gentes,</strong></span> <span class='ocrx_word' id='word_1_222' title='bbox 1043 3666 1178 3742; x_wconf 89' lang='lat' dir='ltr'><strong>nondum</strong></span> 
     </span>
    </p>
   </div>
   <div class='ocr_carea' id='block_1_7' title="bbox 239 3765 1179 3850">
    <p class='ocr_par' dir='ltr' id='par_1_9' title="bbox 239 3765 1179 3850">
     <span class='ocr_line' id='line_1_34' title="bbox 239 3765 1179 3850; baseline -0.004 -17"><span class='ocrx_word' id='word_1_223' title='bbox 239 3779 340 3833; x_wconf 86' lang='lat' dir='ltr'><strong>tamen</strong></span> <span class='ocrx_word' id='word_1_224' title='bbox 362 3790 453 3850; x_wconf 87' lang='lat' dir='ltr'><strong>snpra</strong></span> <span class='ocrx_word' id='word_1_225' title='bbox 474 3767 657 3834; x_wconf 88' lang='lat' dir='ltr'><strong>libertatem.</strong></span> <span class='ocrx_word' id='word_1_226' title='bbox 701 3765 846 3832; x_wconf 87' lang='lat' dir='ltr'><strong>Protinus</strong></span> <span class='ocrx_word' id='word_1_227' title='bbox 867 3768 977 3832; x_wconf 89' lang='lat' dir='ltr'><strong>deindo</strong></span> <span class='ocrx_word' id='word_1_228' title='bbox 1000 3767 1038 3831; x_wconf 86' lang='lat' dir='ltr'><strong>ab</strong></span> <span class='ocrx_word' id='word_1_229' title='bbox 1055 3767 1179 3830; x_wconf 86' lang='lat' dir='ltr'><strong>Oceano</strong></span> 
     </span>
    </p>
   </div>
   <div class='ocr_carea' id='block_1_8' title="bbox 0 0 1390 4322">
    <p class='ocr_par' dir='ltr' id='par_1_10' title="bbox 0 0 1390 4322">
     <span class='ocr_line' id='line_1_35' title="bbox 0 0 1390 4322; baseline 0 0"><span class='ocrx_word' id='word_1_230' title='bbox 0 0 1390 4322; x_wconf 95' lang='lat' dir='ltr'><strong> </strong></span> 
     </span>
    </p>
   </div>
  </div>
 </body>
</html>
