2772 4322
472 383 475 391 -
555 359 597 402 os
621 359 802 412 connium.
1104 343 1139 402 21

222 501 302 567 lX.
326 502 463 566 Deorum
485 503 619 566 maxime
635 501 826 566 Mercurium
848 501 961 577 colunt,
978 501 1030 564 cui
1052 501 1143 564 certis

204 605 310 670 :liebus
346 605 489 669 humanis
518 627 641 689 quoque
677 605 786 668 hostiis
821 605 907 668 litare
936 604 983 667 fas
1020 602 1143 668 habent.

173 695 178 702 ”
202 706 373 772 Herculem
394 729 431 771 ac
454 708 587 772 Martem
608 709 766 772 concessis
788 696 972 770 animalibus
1000 706 1142 788 placant:
1176 755 1179 760 Α

200 831 270 891 pars
301 809 475 872 Suevorum
503 823 534 874 et
561 810 638 874 Isidi
667 810 829 873 sacrificat.
874 808 964 873 Unde
994 831 1089 880 causa
1113 821 1144 872 et

200 910 285 994 origo
320 911 481 994 peregrino
517 933 604 974 sacro
639 931 749 992 parum
785 911 930 992 comperi,
967 911 1026 974 nisi
1062 909 1144 993 quod

201 1014 324 1092 signum
346 1013 458 1094 ipsum,
486 1013 518 1075 in
540 1012 668 1076 modum
695 1013 833 1076 liburnae
856 1013 1031 1096 figuratum,
1055 1013 1144 1077 docet

200 1113 361 1186 advectam
382 1089 767 1210 religionemel-‘Ceterum
782 1135 840 1178 nec
856 1113 998 1177 cohibere
1021 1115 1143 1198 parieti-

200 1215 259 1280 bus
295 1215 380 1292 deos,
414 1237 515 1300 neque
551 1217 582 1280 in
617 1216 712 1280 ullam
747 1215 873 1280 humani
910 1216 970 1278 oris
1008 1216 1143 1296 speciem

200 1318 391 1395 assimulare,
422 1340 461 1380 ex
488 1317 699 1402 magnitudine
729 1318 910 1382 coelestium
939 1315 1142 1380 arbitrentur:

200 1418 288 1482 lucos
317 1441 354 1482 ae
382 1441 507 1482 nemora
535 1431 724 1494 consecrant,
750 1418 939 1502 deorumque
969 1419 1143 1483 nominibus

200 1519 355 1600 appellant
377 1531 531 1584 secretum
553 1518 639 1595 illud,
655 1518 738 1602 quod
760 1519 825 1580 sola
845 1521 1015 1581 reverentia
1031 1518 1185 1610 vident-,-

244 1620 286 1684 X.
310 1621 460 1703 Auspicia
481 1634 650 1705 sortesque,
673 1633 708 1684 ut
729 1621 780 1704 qui
804 1621 948 1696 maxime,
972 1620 1143 1683 observant.

202 1725 339 1787 Sortium
382 1723 572 1786 consuetudo
615 1723 770 1804 simplex:
807 1724 936 1806 virgam,
979 1721 1144 1805 frugiferae

201 1826 299 1888 arbori
325 1825 472 1901 decisam,
500 1826 532 1888 in
554 1825 693 1889 surculos
720 1837 887 1905 amputant,
912 1845 1037 1908 eosque,
1064 1825 1144 1886 notis

201 1927 386 2011 quibusdam
407 1927 568 2004 discretos,
590 1949 683 2008 super
705 1925 866 1990 candidam
888 1937 1006 1990 vestem
1028 1939 1150 1990 temere

202 2050 238 2090 ac
265 2028 389 2094 fortuito
418 2041 587 2112 spargunt:
628 2050 710 2104 mox,
741 2028 768 2090 si
795 2027 919 2111 publice
957 2028 1171 2104 consuletur,·
1238 2048 1240 2058 ⁴
1268 2026 1271 2039 '

202 2131 345 2194 sacerdos
374 2132 515 2207 civitatis,
546 2133 594 2193 sin
628 2131 780 2211 privatim,
810 2131 877 2210 ipse
913 2129 1143 2210 paterfamiliae,

202 2246 344 2313 precatus
379 2232 454 2294 deos
491 2232 674 2315 coelumque
711 2232 894 2312 suspiciens,
925 2242 971 2293 ter
1007 2231 1145 2315 singulos
1177 2235 1181 2242 ⁴

202 2333 290 2409 tollit,
330 2333 467 2395 sublatos
506 2331 678 2395 secundum
717 2333 901 2414 impressam
936 2345 1006 2396 ante
1041 2345 1144 2399 notam
1157 2376 1192 2411 ,·
1272 2359 1277 2378 =
1304 2358 1308 2368 ’

204 2437 425 2517 interpretatur.
470 2433 505 2498 Si
534 2434 763 2519 prohibuerunt,
793 2434 878 2498 nulla
905 2435 943 2499 de
974 2435 1083 2499 eadem
1111 2452 1146 2499 re

203 2539 233 2600 in
262 2535 395 2609 eundem
423 2536 505 2600 diem
533 2537 735 2614 consultatio;
772 2538 820 2600 sin
848 2538 1044 2622 permissum,
1074 2560 1144 2602 aus·

202 2639 352 2719 piciorum
367 2637 467 2702 adhuc
481 2638 558 2701 fides
577 2639 718 2721 exigitur.
764 2637 807 2701 Et
822 2638 897 2702 illud
912 2640 1037 2721 quidem
1052 2642 1143 2704 etiam

131 2733 180 2846 Ἀθ
203 2735 252 2798 hic
288 2748 404 2812 notum,
442 2737 546 2798 avium
585 2757 679 2799 voces
715 2737 897 2819 volatusque
933 2739 1142 2819 interrogare:

56 2864 80 2916 s
146 2837 163 2868 '³
186 2838 357 2918 proprium
400 2839 511 2920 gentis,
553 2859 704 2921 equorum
744 2860 868 2922 quoque
911 2839 1072 2924 praesagia
1108 2860 1143 2900 ac

203 2938 337 3002 monitus
362 2941 510 3022 experiri,
533 2940 657 3021 publice
684 2940 806 3003 aluntur
831 2939 943 3004 iisdem
967 2940 1142 3004 nemoribus

204 3063 240 3103 ac
254 3040 335 3130 lucis
359 3041 478 3104 candidi
502 3054 532 3105 et
546 3042 630 3106 nullo
650 3042 771 3105 mortali
787 3063 877 3124 opere
893 3043 1042 3105 contacti:
1066 3065 1144 3127 quos

202 3163 327 3226 pressos
342 3164 430 3206 sacro
453 3165 544 3206 curru
567 3145 709 3207 sacerdos
724 3165 761 3206 ac
775 3166 830 3207 rex
845 3144 893 3207 vel
914 3146 1056 3227 princeps
1071 3147 1131 3209 civi

201 3247 274 3308 tatis
303 3247 494 3322 comitantur,
522 3245 719 3329 hinnitusque
749 3267 785 3308 ac
807 3246 947 3310 fremitus
974 3247 1143 3310 observant.

205 3344 272 3408 Noe
287 3346 342 3410 ulli
357 3347 495 3428 auspicio
520 3346 616 3431 major
629 3347 707 3410 fides
724 3369 784 3410 non
800 3347 900 3410 solum
915 3347 996 3428 apud.
1010 3348 1143 3430 plebem,

204 3445 260 3507 sed
281 3446 363 3525 apud
382 3469 536 3531 proceres,
559 3448 643 3532 apud
664 3448 858 3525 sacerdotes,
883 3469 917 3510 se
935 3450 1018 3512 enirn
1039 3449 1144 3512 minis·

203 3559 265 3610 tros
300 3545 437 3624 deorum,
467 3550 536 3613 illos
572 3551 712 3614 conscios
748 3562 866 3635 putant.
925 3550 985 3614 Est
1021 3562 1051 3613 et
1086 3549 1144 3612 alia

205 3649 375 3712 observatio
405 3653 614 3730 auspiciorum,
638 3674 699 3736 qua
722 3655 861 3732 gravium
883 3653 1033 3715 bellorum
1055 3671 1145 3714 even·

202 3757 253 3813 tus
290 3750 464 3836 explorant;
492 3752 558 3836 ojus
591 3755 697 3833 gentis,
733 3776 799 3816 oum
836 3773 895 3833 qua
934 3753 1050 3817 bellum
1067 3823 1069 3826 ,
1087 3765 1143 3837 est,
