2770 4324
253 377 293 434 68
583 394 613 433 c.
637 391 733 434 corn.
756 391 865 434 ricrrr

252 539 385 602 obvius:
426 538 538 622 quibus
574 539 607 602 in
642 560 766 602 omnem
802 551 920 621 partem
955 538 1101 615 dimissis,
1140 534 1191 604 ubi

252 642 366 705 incerta
379 639 472 724 fugae
494 641 623 724 vestigia
645 661 746 724 neque
767 663 901 724 usquam
923 640 1100 724 conglobari
1122 639 1180 704 hos

253 754 298 805 tes
325 754 516 823 compertum
538 755 568 805 et
590 753 697 805 exacta
719 741 784 826 jam
805 754 921 805 aestate
948 743 1050 826 spargi
1075 742 1189 807 bellurn

251 843 405 926 nequibat,
421 843 453 905 in
467 843 544 905 fines
560 841 765 905 Horestomm
781 844 949 906 exercitum
963 843 1098 907 deducit.
1144 842 1191 906 Ibi

251 945 386 1028 acceptis
409 943 577 1019 obsidibus,
600 944 755 1024 praefecto
784 944 892 1007 classis
915 943 1103 1007 circumvehi
1125 942 1178 1006 Bri

250 1046 385 1109 tanniam
406 1045 571 1129 praecepit.
615 1042 714 1108 Datae
737 1044 776 1109 ad
797 1045 829 1109 id
850 1047 941 1133 virae,
965 1057 996 1109 et
1016 1060 1179 1127 praecesse

249 1159 296 1211 rat
309 1159 414 1210 terror.
460 1146 533 1228 Ipse
553 1146 691 1232 peditem
713 1163 804 1230 atque
828 1149 947 1231 equites
969 1147 1051 1210 lento
1072 1148 1191 1220 itinere,

249 1268 312 1332 quo
347 1270 494 1312 novarum
526 1249 665 1333 gentium
698 1249 792 1313 animi
827 1249 894 1331 ipsa
929 1248 1073 1311 transitus
1106 1267 1191 1310 mora

250 1361 442 1427 terrerentur,
471 1350 504 1413 in
538 1349 673 1413 hibernis
709 1350 831 1414 locavit.
875 1349 919 1413 Et
954 1348 1045 1412 simul
1081 1348 1190 1412 classis

250 1451 387 1516 secunda
420 1462 602 1534 tempestate
638 1473 676 1516 ao
703 1451 787 1516 fama
815 1451 1035 1516 Trutulensem
1069 1463 1191 1534 portum

249 1554 356 1631 tenuit,
383 1554 464 1618 unde
500 1555 639 1639 proximo
666 1555 761 1618 latere
790 1554 964 1618 Britanniae
992 1553 1073 1618 lecto
1108 1553 1190 1616 omni

248 1654 388 1720 redierat.

290 1752 437 1815 XXXIX.
467 1755 564 1818 Hunc
598 1777 701 1818 rerum
737 1777 873 1831 cursum,
903 1776 1078 1839 quanquam
1106 1756 1191 1819 nulla

248 1855 411 1926 verborum
446 1855 591 1939 jactantia
631 1855 768 1936 epistolis
806 1856 968 1938 Agricolae
1004 1866 1119 1931 actum,
1156 1869 1191 1919 ut

249 1955 425 2019 Domitiano
452 1957 546 2019 moris
575 1969 648 2033 erat,
671 1956 769 2020 fronte
798 1957 908 2032 laetus,
931 1967 1054 2040 pectore
1081 1957 1190 2020 anxius

248 2058 378 2140 excepit.
423 2057 525 2121 Inerat
546 2045 734 2122 conscientia
755 2057 869 2122 derisui
890 2057 989 2122 fuisse
1017 2079 1116 2140 nuper
1135 2058 1190 2123 fal-

249 2181 320 2223 sum
337 2181 355 2223 e
375 2157 543 2222 Germania
562 2159 762 2241 triumphum,
786 2161 896 2242 emptis
917 2181 973 2242 per
994 2161 1189 2236 commercia,

248 2284 380 2347 quorum
393 2261 515 2326 habitus
538 2275 570 2326 et
590 2264 691 2328 crines
713 2263 745 2327 in
767 2265 957 2346 captivorum
979 2264 1116 2344 speciem
1130 2262 1190 2326 sor·

247 2380 420 2428 merentur:
444 2363 479 2428 at'
495 2386 578 2442 nunc
599 2387 704 2429 veram
729 2385 934 2450 magnamque
955 2366 1124 2441 uictoriam,
1147 2375 1191 2427 tot

247 2465 384 2529 millibus
413 2464 548 2527 hostium
570 2467 680 2538 caesis,
703 2467 820 2550 ingenti
841 2465 923 2528 fama
952 2467 1109 2530 celebrari.
1154 2465 1189 2528 Id

249 2566 308 2629 sibi
335 2565 468 2628 maxime
495 2565 738 2641 formidolosum,
766 2567 875 2646 privati
910 2565 1043 2628 hominis
1080 2587 1190 2628 nomen

249 2688 343 2752 supra
365 2667 512 2752 principis
534 2664 649 2729 attolli:
671 2664 785 2728 frustra
807 2665 908 2728 studia
921 2665 979 2728 fori
1001 2677 1032 2727 et
1053 2665 1190 2729 civilium

249 2771 361 2833 artium
381 2768 478 2834 decus
500 2769 532 2831 in
553 2767 709 2831 silentium
730 2777 808 2842 acta,
825 2767 852 2828 si
872 2764 1038 2830 militarem
1060 2765 1190 2850 gloriam

249 2871 328 2934 alius
358 2880 545 2951 occuparet:
582 2879 615 2930 et
648 2878 751 2930 cetera
779 2879 948 2952 utcumque
976 2867 1099 2932 facilius
1128 2868 1177 2931 dis

250 2971 411 3034 simulari:
449 2968 537 3032 ducis
565 2968 638 3031 boni
674 2969 900 3054 imperatoriam
928 2971 1074 3034 virtutem
1109 2991 1190 3034 esse.

250 3072 381 3134 Talibus
406 3071 489 3133 curis
513 3071 675 3147 exercituo,
699 3071 842 3156 quodque
866 3094 976 3137 saevae
999 3073 1190 3156 cogitationis

249 3170 397 3235 indicium
440 3181 513 3247 erat,
551 3184 669 3235 secreto
706 3194 763 3236 suo
799 3175 936 3248 satiatus,
974 3173 1123 3253 optimum
1159 3173 1191 3234 in

249 3273 422 3357 praesentia
457 3273 562 3338 statuit
596 3295 742 3356 reponere
779 3274 893 3349 odium,
923 3273 1021 3335 donee
1056 3273 1191 3355 impetus

248 3375 349 3438 famae
379 3386 410 3437 et
436 3373 523 3438 favor
550 3378 703 3440 exercitus
730 3376 967 3460 languesceret:
997 3397 1070 3438 nam
1098 3376 1190 3439 etiam

250 3491 315 3540 tum
330 3476 475 3560 Agricola
489 3475 679 3541 Britanniam
694 3477 860 3541 obtinebat.

292 3575 359 3639 XL.
385 3577 485 3664 Igitur
505 3578 699 3663 triumphalia
728 3591 904 3643 ornamenta
926 3591 957 3644 et
978 3579 1105 3644 illustris
1127 3591 1187 3642 sta·

252 3699 320 3745 tuae
341 3681 488 3745 honorem
511 3693 542 3743 et
562 3679 709 3764 quidquid
730 3703 785 3762 pro
805 3679 960 3767 triumpho
982 3682 1079 3758 datur,
1094 3679 1188 3744 multo

253 3785 411 3850 'sorborum
434 3785 547 3848 bonore
563 3782 727 3856 cumulata,
743 3784 865 3848 decerni
892 3786 924 3848 in
950 3797 1058 3848 senatu
1083 3782 1183 3862 iubet;

1366 3863 1368 3920 l
