2772 4322
232 338 271 391 eu
540 348 570 389 c.
594 346 689 389 cortu.
713 346 848 390 merrus

231 497 342 558 moris:
366 508 397 557 et
410 495 557 579 poscendi
572 496 705 559 invicem
720 495 829 559 eadem
843 495 983 560 facilitas.
1023 495 1166 562 Gaudent

231 596 429 659 muneribus:
467 596 521 659 sed
558 619 616 660 nec
644 597 714 661 data
750 599 909 678 imputant,
939 618 998 660 nec
1033 600 1166 680 acceptis

231 697 411 780 obligantur.
454 696 565 761 Victus
588 699 666 762 inter
686 698 824 782 hospites
847 699 954 763 comis.

271 797 380 860 XXII.
401 799 515 862 Statim
537 820 553 862 e
574 821 691 876 somno,
715 821 809 883 quem
829 800 1011 884 plerumque
1033 802 1065 864 in
1085 800 1166 865 diem

194 927 195 932 ¹
229 899 399 976 extrahunt,
433 900 580 976 lavantur,
612 902 735 982 saepius
771 901 879 978 calida,
909 914 943 984 ut
978 902 1060 984 apud
1089 925 1167 986 quos

229 1001 395 1081 plurimum
426 1001 525 1064 hiems
555 1015 694 1083 occupat.
750 999 842 1066 Lauti
879 1003 984 1067 cibum
1019 1005 1165 1088 capiunt:

229 1115 385 1184 separatae
415 1102 545 1186 singulis
574 1103 664 1166 sedes
687 1114 717 1166 et
739 1125 795 1167 sua
817 1105 929 1186 cuique
952 1125 1078 1167 mensa:
1102 1115 1166 1168 tum

229 1204 268 1267 ad
289 1206 419 1288 negotia,
442 1225 501 1267 nec
522 1205 624 1267 minus
647 1225 740 1288 saepe
762 1204 801 1267 ad
829 1205 977 1281 convivia,
1000 1205 1168 1285 procedunt

229 1306 348 1367 armati.
390 1303 483 1368 Diem
511 1317 694 1387 noctemque
722 1306 898 1368 continuare
926 1306 1068 1388 potando,
1091 1305 1167 1368 nulli
1237 1368 1239 1372 ,

152 1405 155 1412 ’
229 1406 382 1485 probrum.
437 1403 579 1481 Crebrae,
610 1416 645 1468 ut
672 1406 750 1468 inter
774 1392 954 1482 vinolentos,
981 1407 1078 1482 rixae,
1100 1427 1167 1468 raro

229 1506 385 1582 conviciis,
414 1507 536 1586 saepius
565 1506 660 1570 caede
687 1519 717 1570 et
743 1507 920 1571 vulneribus
949 1509 1166 1591 transiguntur.

231 1606 294 1670 Sed
309 1619 340 1670 et
354 1607 392 1670 de
406 1608 638 1671 reconciliandis
661 1609 792 1671 invicem
807 1610 939 1672 inimicis
954 1621 985 1671 et
1002 1608 1167 1692 jungendis

229 1706 426 1770 affinitatibus
449 1718 479 1767 et
501 1706 687 1768 asciscendis
708 1709 906 1788 principibus,
922 1708 961 1770 de
983 1729 1059 1794 pace
1081 1708 1166 1771 deni·

229 1829 289 1888 qno
325 1828 361 1868 ac
393 1805 475 1868 bello
507 1807 688 1888 plerumque
722 1808 753 1869 in
786 1809 934 1870 conviviis
971 1808 1165 1872 consultant:
1287 1891 1289 1899 y

230 1922 372 1988 tanquam
407 1907 492 1968 nullo
533 1908 633 1990 magis
675 1919 811 1992 tempore
848 1921 901 1972 aut
936 1909 975 1972 ad
1011 1909 1167 1990 simplices
1260 1913 1279 1978 .“

228 2009 427 2090 cogitationes
449 2020 551 2088 pateat
572 2009 702 2084 animus,
719 2009 824 2072 autad
842 2031 970 2094 magnas
991 2010 1166 2075 incalescat.
1225 1993 1253 2056 .='

151 2117 157 2138 '
230 2109 316 2172 Gens
345 2132 405 2172 non
434 2121 535 2196 astuta
554 2131 620 2173 nec
649 2109 759 2195 callida
787 2112 884 2196 aperit
912 2111 1013 2175 adhuc
1050 2124 1168 2175 secreta
1201 2105 1215 2128 ”

229 2212 359 2292 pectoris
381 2211 504 2275 licentia
522 2211 595 2296 joci.
639 2209 724 2296 Ergo
738 2211 858 2275 detecta
873 2224 904 2276 et
924 2213 1008 2276 nuda
1029 2214 1167 2276 omnium

228 2337 315 2377 mens
341 2326 464 2396 postera
485 2314 535 2376 die
556 2326 743 2391 retractatur,
760 2327 791 2378 et
805 2315 889 2378 salva
911 2316 1069 2398 utriusque
1091 2326 1167 2376 tem·
1241 2319 1245 2322 ’
1317 2353 1324 2366 ·

228 2417 309 2495 poris
337 2417 414 2477 ratio
442 2427 510 2478 est:
549 2414 726 2490 deliberant,
756 2415 831 2480 dum
858 2417 974 2500 fingere
1002 2417 1166 2491 nesciunt;

228 2516 426 2602 constituunt,
443 2513 517 2576 dum
533 2535 631 2576 errare
646 2535 707 2576 non
720 2528 859 2594 possunt.
929 2544 956 2612 H·
969 2553 982 2610 .¹'
994 2565 1005 2606 ί
1016 2550 1073 2614 s,
1093 2529 1127 2582 <a
1142 2552 1153 2582 t
1168 2549 1185 2578 e

207 2671 209 2674 .
270 2615 397 2678 XXIII.
420 2614 513 2678 Potui
541 2613 652 2677 humor
677 2636 716 2676 ex
741 2614 854 2679 hordeo
876 2601 949 2706 ants
951 2609 1111 2690 frumento,
1136 2617 1167 2679 in

229 2717 383 2801 quandam
398 2716 629 2780 similitudinem
642 2717 704 2779 vini
720 2728 889 2796 corruptus.
933 2715 1069 2779 Proximi
1083 2717 1167 2796 ripae

229 2832 260 2882 et
274 2821 379 2882 vinum
394 2829 576 2880 mercantur.
623 2815 696 2878 Cibi
718 2815 874 2896 simplices
889 2839 896 2892 ;
921 2817 1052 2900 agrestia
1065 2808 1166 2898 poma,

232 2941 337 2983 recens
351 2918 426 2992 fera,
442 2929 495 2979 aut
516 2917 564 2979 lac
587 2927 774 2979 concretum.
822 2915 895 2980 Sine
919 2900 1076 3002 apparatu,
1102 2919 1167 2980 sine

231 3018 453 3092 blandimentis,
477 3015 632 3096 expellunt
653 3014 777 3079 famem.
821 3016 981 3081 Adversus
1004 3019 1085 3081 sitim
1108 3038 1167 3080 non

230 3117 338 3180 eadem
373 3116 584 3196 temperantia.
650 3115 685 3179 Si
721 3117 885 3194 indulseris
921 3119 1058 3181 ebrietati
1096 3138 1167 3199 sug·

230 3216 362 3301 gerendo
380 3204 539 3298 ,quantum
576 3219 806 3298 concupiscunt,
836 3217 917 3280 haud
947 3219 1048 3278 minus
1077 3215 1167 3279 facile

234 3319 322 3394 vitiis,
345 3340 439 3401 quam
461 3318 554 3383 armis
576 3319 744 3381 vincentur.

273 3418 395 3484 XXIV.
419 3417 528 3482 Genus
552 3418 797 3500 spectaculorum
823 3443 919 3484 unum
934 3433 1024 3504 atque
1040 3421 1072 3485 in
1086 3443 1168 3485 ornnr

131 3569 138 3584 .
231 3537 320 3591 coetu
343 3521 437 3586 idem.
481 3517 568 3584 Nudi
586 3520 726 3605 juvenes,
750 3523 862 3605 quibus
884 3522 916 3584 id
936 3522 1090 3587 ludicrum
1111 3535 1167 3600 est,

233 3627 309 3688 iuter
330 3623 447 3708 gladios
471 3643 505 3684 se
527 3633 619 3705 atque
642 3615 767 3686 infestas
789 3622 922 3686 frameas
945 3623 1024 3687 saltu
1042 3636 1167 3708 jaciunt

233 3725 420 3788 ‘Exercitatio
432 3733 529 3787 artem
549 3724 674 3805 paravit,
691 3744 739 3786 ars
754 3722 916 3788 decorem:
940 3745 1000 3786 non
1016 3725 1046 3786 in
1060 3745 1166 3806 quaes·

1042 3819 1051 3850 Ο
