2772 4322
239 341 278 400 at
570 355 716 416 c.cort1v.
740 355 850 398 vac1r1

240 505 400 568 lasciviret.
445 501 621 566 Trebellius
643 503 719 586 fuga
740 525 777 566 ac
802 503 926 568 latebris
948 504 1042 566 vitata
1064 521 1165 566 exeret
1195 549 1201 556 «

239 618 288 668 tus
328 607 382 681 ira,
423 604 585 668 indecorus
626 616 717 687 atque
755 603 891 681 humilis,
931 604 1068 684 precario
1107 625 1177 668 mox

239 705 389 790 praefuit:
427 727 463 768 ac
491 706 576 769 velut
610 706 702 790 pacti,
733 706 884 768 exereitus
922 704 1087 780 licentiam,
1115 703 1178 767 dux

239 807 389 883 salutem3
413 819 444 870 et
459 806 568 869 seditio
583 807 649 870 sine
668 807 816 889 sanguina
834 807 926 870 stetit.
970 804 1040 868 Nec
1057 803 1178 869 Vettius

240 907 385 983 Bolanus,
412 906 607 970 manentibus
630 906 731 970 adhuc
757 906 898 970 civilibus
926 906 1026 982 bellis,
1054 907 1178 989 agitavit
1209 960 1211 964 .

240 1008 426 1072 Britanniam
456 1009 641 1091 disciplina:
683 1009 792 1073 eadem
828 1009 935 1074 inertia
963 1011 1036 1092 erga
1062 1008 1178 1084 hostes,

239 1111 348 1173 similis
384 1109 552 1192 petulantia
587 1122 781 1173 castrorum:
819 1095 879 1174 nisi
914 1110 997 1194 quod
1032 1110 1178 1172 innocens

239 1211 375 1275 Bolanus
400 1224 430 1275 et
451 1212 544 1278 nullis
558 1212 678 1276 delictis
701 1211 829 1286 invisus,
845 1211 1000 1274 caritatem
1022 1221 1178 1292 paraverat

239 1313 307 1374 loco
321 1313 520 1375 auctoritatis.

281 1411 387 1475 XVII.
412 1413 485 1490 Sed,
506 1414 562 1477 ubi
585 1435 656 1477 cum
685 1427 787 1476 cetero
814 1414 886 1476 orbe
909 1411 1119 1494 Vespasianus
1149 1425 1179 1474 et

240 1513 427 1591 Britanniam
438 1516 637 1596 recuperavit,
663 1517 767 1599 magni
788 1515 895 1591 duces,
919 1515 1035 1598 egregii
1064 1515 1180 1576 exerci-

239 1629 299 1691 tus,
315 1618 434 1679 minuta
454 1615 589 1680 hostium
604 1638 687 1701 spes.
731 1616 775 1681 Et
789 1630 935 1681 terrorem
957 1617 1059 1680 statim
1079 1615 1180 1679 intulit

239 1717 369 1780 Petilius
396 1719 536 1794 Cerialis,
567 1717 748 1801 Brigantum
773 1720 938 1794 civitatem,
967 1739 1047 1801 quae
1072 1739 1180 1782 nume·

238 1820 395 1881 rosissima
433 1820 606 1900 provinciae
647 1820 741 1882 totius
780 1819 966 1900 perhibetur,
1002 1839 1179 1902 aggressus,

239 1919 339 1982 Multa
359 1919 485 2002 proelia,
501 1935 532 1982 et
546 1920 709 2002 aliquando
730 1942 792 1983 non
813 1922 992 1983 incruenta·
1021 1941 1180 2002 magnam-

238 2041 298 2102 que
327 2018 509 2104 Brigantum
543 2033 661 2102 partem
674 2028 728 2084 aut
742 2018 874 2084 victoria
888 2021 1049 2105 amplexus
1065 2028 1113 2084 est
1128 2032 1179 2084 ant

238 2121 330 2185 bello.
368 2115 426 2199 Bt,
443 2144 515 2186 cum
539 2122 670 2186 Cerialis
692 2123 818 2206 quidem
841 2121 967 2186 alterius
990 2124 1179 2185 successoris

240 2245 345 2287 curam
367 2224 542 2308 famamque
566 2224 727 2301 obruisset,
752 2226 896 2289 sustinuit
917 2245 1040 2307 quoque
1066 2224 1178 2288 molem

238 2325 341 2390 Julius
364 2325 538 2402 Frontinus,
561 2327 607 2390 vir
631 2349 763 2410 magnus
786 2338 934 2410 quantum
962 2325 1083 2402 licebat,
1106 2325 1167 2388 vali

239 2429 370 2510 damque
387 2440 417 2490 et
431 2449 605 2511 pugnacem
628 2427 766 2492 Silurum
788 2442 913 2512 gentem
935 2429 1028 2490 armis
1047 2427 1178 2510 subegit,

239 2549 332 2609 super
353 2530 496 2591 virtutem
518 2527 663 2603 hostium,
679 2529 816 2592 locorum
839 2550 961 2612 quoqne
983 2529 1179 2592 difficultates

239 2630 401 2694 eluctatus.
990 2677 992 2680 .

281 2729 406 2794 XVIII.
443 2730 538 2795 Hunc
575 2729 749 2794 Britanniae
786 2743 909 2807 statum,
939 2729 994 2792 lias
1029 2729 1180 2793 bellorum

240 2835 323 2896 vices
337 2833 440 2896 media
457 2833 522 2917 jam
537 2844 651 2894 aestate
672 2845 881 2915 transgressus
897 2831 1042 2916 Agricola
1055 2832 1179 2904 invenit,

240 2955 313 2996 cum
328 2945 358 2996 et
372 2933 496 3009 milites,
511 2932 598 2996 velut
619 2933 733 2995 omissa
756 2933 958 3014 expeditione,
974 2932 1013 2995 ad
1035 2934 1180 2996 securita-

240 3047 312 3108 tem,
329 3045 360 3095 et
374 3033 479 3095 hostes
494 3032 534 3096 ad
548 3035 743 3096 occasionem
757 3047 954 3098 verterentur.
993 3033 1180 3096 Ordovicum

240 3134 358 3210 civitae,
389 3133 472 3196 haud
500 3135 597 3198 multo
626 3147 695 3198 ante
730 3135 895 3200 adventum
923 3136 999 3219 ejus,
1030 3134 1120 3208 alam,
1150 3133 1181 3196 in

241 3235 353 3298 finibus
383 3237 448 3298 suis
479 3250 632 3320 agentem,
661 3259 756 3322 prope
791 3239 968 3300 universam
996 3234 1179 3297 obtriverat.

229 3357 339 3420 coque
368 3338 456 3401 initio
492 3351 594 3402 crecta
627 3341 809 3420 provincia:
847 3353 887 3414 ct,
917 3336 1029 3421 quibus
1064 3334 1181 3399 bellum

242 3438 412 3502 volentibus
435 3451 508 3517 crat,
524 3429 651 3522 probare
674 3441 860 3521 exemplum,
877 3461 913 3502 ac
934 3438 1067 3502 recentis
1089 3437 1182 3522 legati

241 3542 378 3606 animum
406 3543 545 3626 opperiri,
589 3562 660 3606 cum
697 3541 852 3626 Agricola,
882 3561 1058 3626 quanquam
1087 3551 1182 3602 trans·

243 3655 328 3706 rocta
339 3655 450 3722 aestas,
464 3645 562 3730 sparsi
576 3666 632 3726 per
642 3644 830 3727 provinciam
845 3643 975 3718 numeri,
985 3650 1180 3727 praesumpta

243 3745 322 3821 apud
358 3747 487 3811 militem
516 3748 597 3812 iilius
635 3747 705 3812 anni
734 3749 833 3832 quies.
864 3745 948 3810 tarda
977 3757 1007 3808 et
1036 3741 1180 3806 contraria
