2772 4322
615 283 786 370 scribom.
1136 308 1176 367 45

231 475 411 557 superstites
438 497 557 552 sumus,
585 476 736 557 exemptis
759 496 776 538 e
798 473 902 538 media
923 473 985 537 vita
1013 484 1057 535 tot
1077 473 1175 548 annis,

231 577 343 660 quibus
365 561 495 661 juvenes
518 577 558 640 ad
579 589 781 652 senectutem,
797 597 888 640 senes
914 595 1008 660 prope
1031 573 1071 638 ad
1092 575 1175 656 ipsos

231 691 356 762 exactae
371 681 479 742 aetatis
500 680 647 742 terminos
660 700 716 760 per
736 677 893 755 silentium
906 678 1058 740 venimus.
1103 675 1175 740 Non

231 791 333 842 tamen
357 780 475 864 pigebit
488 779 538 843 rel
564 779 718 843 incondita
743 801 780 842 ac
802 779 870 842 rudi
893 800 969 842 voce
994 779 1175 843 memoriam

230 881 337 962 prioris
353 882 506 944 servitutis
521 903 558 944 ac
572 882 781 944 testimonium
803 881 1012 963 praesentium
1026 881 1175 945 bonorum

230 983 454 1063 composuisse.
508 981 573 1045 Hic
609 983 731 1045 interim
765 982 844 1044 liber
879 981 984 1044 honori
1013 982 1175 1065 Agricolae

231 1083 330 1146 soceri
346 1085 408 1147 mci
423 1083 602 1163 destinatus,
619 1083 810 1165 professione
830 1083 952 1165 pietatis
967 1095 1020 1144 aut
1034 1082 1174 1146 laudatus

231 1183 287 1246 erit
302 1199 355 1246 aut
367 1196 543 1252 excusatus,

274 1283 330 1346 IV.
363 1285 495 1349 Cursus
525 1284 639 1349 Jurrus
669 1286 849 1362 Ausucum,
879 1285 973 1348 veteri
1004 1297 1035 1347 et
1066 1283 1209 1348 illustri·

231 1381 490 1468 Foroiuliensium
518 1385 637 1448 colonia
666 1397 760 1462 ortus,
792 1399 956 1468 utrumque
987 1407 1079 1450 avum
1106 1407 1173 1466 pro-

232 1497 404 1548 curatorem
424 1485 596 1548 Caesarum
617 1485 741 1549 habuit:
766 1507 845 1568 quac
861 1487 1012 1568 equestris
1032 1487 1182 1549 nobilitas.

232 1598 289 1648 cst.
331 1585 427 1660 ‚Pater
449 1585 552 1650 Julius
569 1586 751 1662 Graecinus,
768 1587 911 1650 senatorii
933 1587 1057 1662 ordinis,
1075 1586 1175 1650 studio

235 1681 429 1767 eloquentiae
444 1680 675 1766 sapientiaeque
689 1689 789 1762 notus,
805 1681 905 1766 iisque
918 1681 997 1766 ipsis
1008 1683 1182 1751 virtutibus

234 1779 312 1844 iram
325 1779 394 1846 Caii
407 1779 552 1846 Caesaris
562 1780 692 1844 meritus
705 1801 713 1842 ε
735 1801 868 1865 namque
878 1777 923 1844 M.
936 1779 1078 1846 Silanum
1089 1805 1175 1848 accu-

115 1885 127 1918 κ’
183 1947 189 1962 ,
234 1899 303 1944 sare
313 1881 484 1966 jussus'et,
499 1879 574 1964 quia
595 1879 754 1958 abnuerat,
770 1877 953 1942 interfectus
969 1887 1037 1956 est„
1068 1880 1175 1947 Mater

233 1977 256 2042 J
258 1979 321 2042 ulia
335 1978 470 2042 Procilla
483 1977 551 2057 fuit,
568 1998 658 2041 rarae
680 1976 857 2040 castitatis:
879 1976 912 2040 in
936 1977 1029 2064 hujus
1045 1980 1115 2044 sinu
1129 1982 1173 2046 in·

235 2076 455 2162 dulgentiaque
471 2075 626 2154 educatus,
643 2094 699 2156 per
713 2094 833 2136 omnem
846 2074 1046 2140 honestarum
1060 2080 1174 2144 artium

234 2175 350 2238 cultum
365 2172 531 2256 pueritiam
551 2170 854 2254 adolescentiamque
867 2173 1030 2256 transegit.
1075 2175 1173 2242 Aroe.

164 2295 168 2302 ¹
233 2271 288 2334 bat
314 2293 384 2334 eum
398 2271 438 2333 ab
453 2267 609 2332 illecebris
624 2268 828 2350 peccantium,
849 2276 976 2350 praeter
1000 2269 1100 2354 ipsius
1121 2276 1173 2340 bo

233 2391 305 2432 nam
314 2368 529 2452 integramque
537 2371 689 2445 naturam,
701 2364 783 2450 quod
792 2365 899 2429 statim
909 2369 1057 2451 parvulus
1067 2372 1173 2439 sedem

166 2449 172 2460 ⁸
232 2487 269 2530 ac
298 2465 481 2549 magistram
509 2462 681 2528 studiorum
716 2461 893 2528 Massiliam
923 2465 1041 2548 habuit,
1071 2469 1181 2538 locum'

232 2563 353 2626 Graeca
381 2564 523 2627 comitate
553 2576 584 2627 et
611 2559 791 2650 provinciali
827 2566 1013 2646 parsimonia
1045 2567 1172 2630 mistum

230 2665 358 2743 ncbene
381 2667 598 2750 compositum.
642 2663 795 2729 Memoria
817 2679 907 2729 teneo
929 2667 1054 2729 solitum
1069 2668 1172 2752 ipsum

230 2787 359 2842 narrare,
389 2789 423 2830 se
453 2768 484 2829 in
511 2769 609 2849 prima
641 2767 767 2852 juventa
796 2767 931 2852 studium
960 2767 1171 2852 philosophiae

230 2867 340 2942 acriuS,
363 2867 557 2952 ultraquam
586 2890 771 2932 concessum
797 2867 938 2932 Romano
967 2891 1004 2932 ac
1031 2871 1171 2945 senatori,

186 2997 191 3004 J
231 2959 382 3044 liuusisse,
397 2970 429 3031 ni
450 2969 610 3050 prudentia
632 2972 736 3033 matris
759 2972 920 3033 incensum
942 2993 978 3032 ac
993 2970 1171 3054 flagrantem

229 3070 367 3132 animum
402 3071 600 3132 coercuisset.
656 3070 783 3134 Scilicet
815 3072 946 3136 sublime
976 3083 1007 3134 et
1036 3085 1171 3135 erectum

230 3172 387 3254 ingenium
412 3170 670 3252 pulchritudinem
692 3194 729 3234 ac
752 3173 889 3256 speciem
918 3173 1059 3236 excelsae
1087 3195 1160 3256 mag

230 3293 349 3355 uaeque
371 3273 485 3356 gloriae
508 3271 732 3350 vehementius,
749 3295 842 3356 quam
864 3287 963 3350 caute,
987 3275 1170 3356 appetebat:

230 3395 301 3434 mox
329 3375 480 3457 mitigavit
507 3374 584 3436 ratio
610 3387 640 3437 et
662 3387 765 3438 aetas:
795 3377 991 3459 retinuitque,
1014 3377 1097 3459 quod
1126 3387 1171 3438 est
1227 3429 1230 3436 ,

231 3473 456 3549 difficillimum,
471 3497 510 3538 ex
525 3477 673 3557 sapientia
690 3477 827 3540 modum.

272 3573 311 3638 V.
334 3573 441 3639 Prima
469 3589 638 3642 castrorum
666 3580 839 3643 rudimenta
861 3581 891 3642 in
914 3579 1070 3643 Britannia
1094 3577 1158 3640 Sue

145 3671 148 3676 ’
231 3678 312 3740 tonio
335 3675 486 3754 Paullino,
502 3677 639 3764 diligenti
658 3703 694 3745 ac
716 3681 873 3744 moderato
887 3681 969 3757 duci,
985 3678 1162 3761 approbavit
