2772 4322
222 292 262 350 20
533 307 562 346 c.
587 305 682 360 coar.
708 305 843 347 merrus
912 321 914 328 ·

990 359 995 396 ,
1091 368 1093 376 ,

218 445 345 530 cipuum
367 445 540 528 fiagitiu1n3
562 467 621 508 nec
647 456 701 508 aut
723 445 818 508 sacris
839 443 959 519 adesse,
981 454 1034 506 aut
1057 444 1146 509 crnrci

219 546 293 610 lium
321 547 406 622 inire,
448 547 652 629 ignominioso
688 545 761 624 fas3
798 546 949 629 multique
979 549 1156 628 superstite!

217 645 539 708 belloruminfarriam
554 647 665 729 laqueo
680 646 832 710 finierunt.

258 745 332 809 VII.
357 746 463 831 Reges
487 769 526 811 ex
549 749 716 824 nobilitate,
732 748 827 812 duces
842 770 881 811 ex
894 750 1006 812 virtute
1022 764 1148 813 sumunt

221 847 286 910 Nec
300 849 426 932 regibus
442 850 559 912 infinita
579 862 632 913 aut
653 850 750 913 libera
770 862 925 931 potestas:
950 863 982 913 et
995 851 1093 914 duces
1108 874 1147 916 ex

163 1011 165 1022 Α
217 950 319 1034 emplo
332 951 445 1032 potius,
461 973 555 1034 quam
572 952 722 1032 imperio,
746 953 772 1014 si
787 953 928 1036 prompti,
945 954 972 1015 si
987 955 1157 1037 conspicui,

217 1045 249 1115 si
258 1064 327 1114 ante
350 1054 449 1117 aciem
471 1065 571 1136 agant,
587 1053 786 1116 admiratione
808 1066 964 1138 praesunt.
1011 1053 1157 1118 Ceterum

218 1175 316 1237 neque
353 1153 595 1218 animadvertere
630 1175 733 1238 neque
768 1155 893 1232 vincire,
923 1177 962 1218 ne
1003 1155 1157 1219 verberare

217 1257 351 1339 quidem,
378 1257 438 1320 nisi
462 1255 671 1319 sacerdotibus
698 1257 907 1348 permissum3
931 1278 992 1320 non
1016 1259 1106 1341 quasi
1127 1259 1156 1320 in

216 1379 441 1438 poenam‚nec
461 1357 551 1420 ducis
576 1357 677 1442 jussu,
706 1358 762 1421 sed
777 1358 872 1422 'velut
894 1359 953 1422 deo
976 1360 1154 1440 imperante,

216 1481 310 1542 quem
324 1460 434 1524 adesso
449 1460 636 1523 bellantibus
652 1460 801 1524 credunt:
826 1460 1008 1544 effigiesque
1025 1473 1056 1524 et
1071 1462 1155 1544 signa

217 1561 378 1645 quaedam,
402 1562 537 1625 detracta
559 1561 648 1637 lucis,
673 1563 705 1624 in
728 1562 879 1643 proelium
897 1561 1007 1626 ferunt.
1053 1563 1156 1636 Quod·

217 1686 276 1746 que
305 1664 506 1745 praecipuum
535 1662 721 1726 fortitudinis
750 1665 984 1727 incitamentum
1013 1677 1069 1740 est,
1099 1687 1156 1727 non

217 1787 310 1828 casus
336 1786 395 1826 nec
422 1763 546 1828 fortuita
570 1764 764 1848 conglobatio
787 1777 927 1827 turmam·
947 1777 1002 1828 'aut
1024 1787 1156 1830 cuneum
1213 1782 1217 1789 “

217 1867 299 1942 facit,
328 1865 384 1928 sed
411 1865 545 1929 familiae
575 1879 607 1937 et
630 1867 882 1951 propinquitates,
907 1879 937 1928 et
963 1867 992 1928 in
1021 1868 1157 1948 proxime

217 1970 352 2052 pignora,
368 1967 450 2030 unde
464 1966 649 2030 feminarum
667 1967 802 2031 ululatus
817 1967 926 2043 audiri,
941 1967 1023 2030 unde
1037 1969 1158 2052 vagitus

218 2069 399 2134 infantium:
426 2069 458 2132 hi
484 2069 597 2153 cuique
624 2068 810 2132 sanctissimi
838 2080 943 2144 testes,
973 2068 1005 2132 hi
1033 2071 1159 2132 maximi

216 2172 399 2236 laudatores.
443 2171 493 2235 Ad
514 2183 638 2246 matres,
659 2171 698 2234 ad
720 2171 867 2256 conjuges
889 2170 1017 2234 vulnera
1037 2171 1158 2247 ferunt;

218 2297 275 2338 noc
303 2275 373 2337 illac
401 2295 573 2350 numerare,
599 2286 652 2337 aut
678 2275 801 2358 exigere
826 2275 933 2359 plagas
959 2287 1093 2360 pavent3
1117 2275 1159 2338 ci·

217 2377 334 2456 bosque
350 2387 381 2436 et
395 2375 564 2436 hortamina
578 2377 787 2458 pugnantibus
801 2389 934 2458 gestant.

260 2474 352 2536 VllI.
376 2475 545 2536 Memoriae
559 2475 705 2554 proditur,
722 2476 873 2557 quasdam
889 2479 983 2553 acieS,
1000 2479 1159 2556 inclinatas

151 2557 153 2570 Ι
224 2577 289 2662 jam
311 2587 343 2638 et
366 2576 549 2651 labantes,a
572 2574 695 2638 feminis
720 2576 886 2652 restitutas,
902 2579 1072 2639 constantia
1092 2599 1160 2658 pre-

219 2703 292 2744 cum
307 2692 337 2743 et
353 2679 474 2764 dtjectu
488 2690 648 2760 pectomm
670 2689 701 2740 et
722 2689 889 2740 monstrata
903 2679 1043 2740 corninus
1066 2679 1160 2759 capti-

220 2785 321 2860 vitate,
348 2803 442 2866 quani
465 2781 555 2862 longe
580 2780 788 2861 impatientius
818 2779 1005 2842 feminarum
1034 2801 1159 2844 suarum

220 2886 341 2947 nomine
365 2884 493 2947 timont:
524 2881 600 2943 adeo
623 2892 658 2943 ut
682 2879 840 2944 efficacius
866 2881 1039 2966 obligentur
1067 2883 1159 2946 animi

219 2986 387 3059 civitatum,
404 2982 516 3065 quibus
532 2982 610 3045 iuter
625 2981 747 3045 obsides
765 2982 887 3063 puellae
903 3004 1026 3068 quoquc
1041 2984 1159 3047 nobiles

219 3089 415 3167 imperantur.
439 3083 567 3170 „Inesse
596 3085 671 3168 quin
700 3085 793 3148 etiarn
821 3097 964 3148 sanctum
991 3084 1108 3168 aliquid
1129 3098 1159 3148 et

218 3186 379 3268 providum
392 3198 522 3271 putant:
545 3207 604 3249 nec
620 3199 672 3250 aut
687 3187 815 3250 consilia
830 3209 935 3250 earum
950 3198 1158 3267 aspernantur,

219 3301 272 3352 aut
298 3309 446 3367 responsa
473 3287 643 3372 negligunt.
687 3287 831 3351 Vidimus
860 3289 917 3352 sub
945 3287 1017 3350 divo
1041 3285 1159 3368 Vespa·

219 3391 304 3454 siano
332 3387 484 3452 Veledam
511 3388 566 3452 diu
594 3389 676 3470 apud
711 3388 875 3474 plerosoue
911 3388 1047 3452 numinis
1089 3388 1158 3450 loco

218 3491 363 3555 habitam.
408 3488 526 3554 Sedet
550 3489 624 3554 olim
647 3490 807 3553 Auriniam
831 3502 862 3554 ct
885 3489 1059 3571 complures
1084 3490 1158 3552 alias

217 3594 352 3658 venerati
376 3604 447 3657 sunt
469 3611 530 3656 non
559 3591 742 3669 adulatione,
766 3613 825 3656 nec
853 3605 999 3678 tanquam
1024 3590 1157 3656 facerent

90 3697 134 3711 ’ὲ
216 3695 301 3762 deas.
