2772 4322
580 423 621 466 nn
645 422 826 466 annulum.
1134 401 1171 460 41

228 572 405 653 pernicitate
434 571 592 656 gaudent;
635 593 714 656 quae
744 571 846 634 omnia
874 569 1008 634 diversas
1025 568 1174 633 Sarmatis

229 685 309 750 sunt,
333 674 364 737 in
392 674 530 759 plaustro
559 695 701 758 equoque
723 672 909 737 viventibus.
955 670 1069 735 Fennis
1098 673 1174 736 mira

227 774 341 852 feritas,
365 773 455 839 foeda
482 788 669 857 paupertas:
700 796 761 838 non
789 796 883 851 arma,
912 795 973 836 non
1003 775 1084 857 equi,
1113 795 1173 836 non

227 890 374 957 penates:
398 878 493 941 victui
515 877 619 953 herba,
642 877 766 940 vestitui
788 876 896 957 pellea,
912 875 1014 939 cubile
1036 875 1173 938 humus:

228 978 293 1040 sola
329 979 361 1040 in
397 978 516 1061 sagittis
553 999 635 1058 spes,
673 998 760 1059 quas,
798 977 901 1057 inopia
932 975 1012 1050 ferri,
1051 977 1172 1039 ossibus

227 1091 380 1163 asperent.
424 1078 574 1162 Idemque
596 1090 725 1142 venatus
747 1079 829 1141 viros
852 1078 966 1159 pariter
987 1099 1024 1140 ac
1044 1077 1173 1140 feminas

227 1179 290 1242 alit.
346 1178 471 1242 Passim
499 1180 582 1244 enim
611 1180 804 1255 comitantur,
833 1189 1013 1263 partemque
1042 1178 1173 1259 praedae

226 1293 344 1362 petunt.
397 1279 468 1344 Nec
496 1281 581 1344 aliud
608 1281 775 1345 infantibus
803 1278 938 1344 ferarum
968 1280 1174 1364 imbriumque

228 1382 407 1467 suffugium,
423 1405 517 1467 quam
531 1395 567 1446 ut
581 1384 613 1445 in
627 1382 729 1465 aliquo
744 1404 900 1445 ramorum
914 1403 996 1446 nexu
1011 1394 1174 1467 contegan-

227 1494 294 1545 tur:
318 1484 381 1547 huc
401 1483 531 1546 redeunt
552 1484 694 1567 juvence,
710 1482 770 1545 hoc
797 1503 908 1546 senum
932 1485 1173 1566 receptaculum.

229 1582 293 1646 Sed
320 1584 441 1647 beatius
470 1583 661 1660 arbitrantur,
686 1605 780 1668 quam
807 1585 964 1668 ingemere
993 1586 1085 1668 agris,
1110 1584 1174 1647 illa-

226 1685 333 1748 borare
348 1685 501 1762 domibus,
518 1707 592 1749 suas
613 1685 789 1768 alienasque
804 1683 941 1750 fortunas
957 1706 1012 1770 spe
1027 1697 1174 1770 metuque

227 1809 359 1851 versare.
405 1787 515 1852 Securi
544 1787 692 1852 adversus
721 1765 872 1865 liomincs,
897 1789 998 1852 securi
1026 1788 1173 1852 adversus

164 1886 166 1899 '
226 1887 311 1967 deos,
326 1911 394 1953 rem
415 1889 627 1954 difficillimam
649 1891 784 1954 assecuti
808 1903 888 1967 sunt,
904 1902 939 1954 ut
961 1890 1021 1954 illis
1044 1911 1082 1953 ne
1104 1903 1173 1954 voto

227 1991 353 2074 quidem
374 2013 451 2074 opus
473 2005 568 2056 esset.
615 1992 729 2056 Cetera
747 1992 810 2077 jam
825 1991 987 2056 fabulosa:
1012 1992 1173 2057 Hellusios

227 2104 258 2155 ct
287 2092 423 2156 Oxionas
454 2115 506 2156 ora
533 2094 694 2157 hominum
721 2093 898 2177 vultusque,
926 2116 1053 2180 corpora
1082 2107 1172 2178 atque

228 2205 311 2257 artus
326 2194 471 2270 ferarum,
487 2215 615 2278 gerere:
640 2194 722 2278 quod
745 2212 813 2276 egO,
837 2207 871 2256 ut
893 2195 1126 2276 incompertum,
1142 2197 1172 2260 in

228 2294 366 2360 medium
380 2294 562 2378 relinquam.
663 2328 704 2407 oi)

643 2408 664 2457 dl

570 2446 644 2582 >p
