2772 4322
640 321 810 364 remcort.
1158 307 1199 366 47

259 467 380 534 Nerone
403 483 584 552 temporum,
608 470 721 555 quibus
743 471 850 535 inertia
876 491 931 551 pro
959 469 1109 550 sapientia
1131 469 1195 533 luit

258 573 344 635 Idem
363 584 521 654 praeturae
536 584 668 635 teneret
683 571 839 635 silentium
852 593 860 647 ;
883 591 941 633 nec
956 571 1039 633 enim
1057 571 1198 654 jurisdic-

147 747 152 765 Ι
256 675 297 736 tio
313 674 494 737 obvenerat:
518 673 608 737 ludos
631 686 661 736 et
683 674 784 736 inania
806 672 929 735 honoris
951 671 1054 734 medio
1075 673 1200 735 rationis

255 790 347 859 atque
369 774 571 839 abundantiae
586 773 682 850 duxit,
699 777 744 837 uti
759 774 849 857 longe
865 795 883 836 a
897 773 1026 848 luxuria,
1044 773 1086 836 ita
1100 773 1200 836 famae

255 879 385 958 propior.
430 877 515 939 'I'urn
544 876 662 939 electus
685 897 704 938 a
727 874 827 938 Galba
849 875 888 938 ad
909 874 988 937 dona
1017 875 1199 956 templorum

256 978 511 1061 recognoscenda,
535 977 769 1061 diligentissima
797 976 1020 1059 conquisitione
1049 975 1131 1052 fecit,
1161 999 1199 1038 ne

256 1079 345 1162 cujus
369 1080 493 1142 alterius
524 1080 720 1163 sacrilegium
738 1081 792 1141 'res
816 1077 877 1140 ubl'
919 1099 1044 1159 ,quam
1067 1077 1199 1158 Neronis

131 1203 140 1210 ·
210 1184 212 1186 ’
257 1181 414 1244 sensisset.
578 1165 586 1200 l
672 1194 692 1212 ⁴*
821 1159 855 1182 ἐ

298 1281 372 1346 Vll.
395 1282 536 1366 Sequens
552 1305 570 1344 a
636 1304 650 1344 s
665 1283 750 1366 gravi
764 1281 890 1344 vulnere
907 1283 1045 1344 animum
1059 1281 1200 1344 domum·

256 1404 316 1466 que
332 1385 398 1468 ejus
414 1384 535 1447 afflixit:
560 1405 631 1446 nam
646 1384 755 1446 classis
771 1382 952 1460 Othoniana,
969 1383 1098 1446 licenter
1111 1406 1199 1468 vaga,

256 1485 331 1548 dum
346 1484 523 1548 Intemelios
539 1482 700 1567 (Liguriae
726 1506 796 1565 pars
824 1485 885 1564 est)
900 1485 1050 1548 hostiliter
1074 1487 1201 1570 popula·

256 1599 314 1663 tur,
343 1599 473 1649 matrem
500 1585 664 1670 Agricolae
693 1586 725 1648 in
757 1584 890 1666 praediis
927 1587 992 1648 suis
1028 1585 1199 1649 interfecit:

255 1688 440 1771 praediaque
455 1689 523 1770 ipsa
537 1700 568 1751 et
582 1709 725 1771 magnam
745 1688 918 1768 patrimonii
933 1699 1051 1772 partem
1066 1687 1200 1769 diripuit,
1232 1687 1234 1694 ’
1282 1701 1293 1722 ’

255 1813 334 1873 quae
350 1812 445 1853 causa
467 1791 571 1854 caedis
587 1791 696 1854 fuerat.
741 1789 840 1874 igitur
854 1789 1057 1853 adtsolemnie
1078 1790 1200 1871 pietatis

255 1891 410 1972 profectus
446 1893 600 1976 Agricola,
639 1893 744 1955 nuntio
784 1891 918 1954 affectati
955 1913 973 1953 a
1008 1881 1201 1977 Vespasiano

256 1994 374 2074 imperii
397 1993 606 2076 deprehensus
629 2015 665 2056 ac
689 1994 791 2057 statim
813 1994 846 2056 in
866 2005 968 2074 partes
991 2004 1201 2076 transgressus

256 2109 312 2158 est.
368 2095 459 2158 Initia
492 2095 680 2176 principatus
709 2115 746 2156 ac
774 2106 889 2156 statum
920 2095 1004 2157 urbis
1035 2093 1201 2158 Mucianus
1260 2142 1262 2150 .

256 2197 390 2279 regebat,
416 2193 533 2278 juvene
557 2191 925 2260 admodum'Dornitiano
954 2207 984 2258 et
1010 2215 1049 2256 err
1076 2209 1202 2279 paterna
1259 2211 1263 2250 t

1238 2173 1285 2206 ..μ’

257 2297 376 2358 fortuna
399 2307 518 2358 tanturn
541 2294 698 2357 licentiam
725 2305 903 2374 usurpante.
948 2294 980 2357 Is
1006 2295 1138 2358 missum
1163 2297 1200 2359 ad
1215 2319 1238 2330 r

257 2396 397 2460 delectus
427 2395 561 2480 agendos
591 2395 768 2480 Agricolam
804 2397 984 2480 integreque
1012 2419 1049 2460 ac
1079 2410 1201 2460 strenue

256 2511 420 2576 versatum,
449 2498 615 2561 vicesimae
644 2497 767 2581 legioni,
794 2496 878 2560 tarde
908 2499 946 2561 ad
976 2511 1201 2564 sacramentum

256 2613 475 2685 transgressae,
495 2601 684 2690 praeposuit,
696 2599 749 2662 ubi
772 2599 919 2664 decessor
941 2601 1085 2665 seditiosa
1108 2623 1201 2686 agere

256 2703 449 2765 narrabatur:
473 2701 587 2784 quippe
608 2701 718 2783 legatis
733 2719 857 2782 quoque
878 2702 1092 2791 consularibus
1107 2703 1201 2766 nimia

256 2786 293 2866 ac
307 2801 503 2866 formidolosa
524 2813 598 2866 erat.
642 2801 713 2866 Nec
734 2806 856 2886 legatus
879 2805 1048 2884 praetorius
1064 2803 1102 2866 ad
1117 2803 1199 2866 colri-

256 2901 392 2966 bendum
405 2914 525 2983 potens,
541 2904 702 2980 incertum,
720 2925 776 2966 suo
792 2927 831 2968 an
845 2905 979 2967 militum
994 2905 1142 2988 ingenio?
1160 2906 1200 2968 ita

257 3024 420 3067 successor
434 3002 528 3090 slmul
542 3015 571 3066 et
585 3004 666 3068 ultor
680 3003 808 3082 electus,
823 3006 980 3069 rarissima
994 3005 1200 3069 moderatione

127 3148 136 3170 r
187 3183 200 3193 Ἴ
222 3142 241 3164 «ι
257 3089 370 3169 maluit
378 3102 476 3168 videri
490 3104 645 3168 invenisse
660 3105 767 3183 bonos,
783 3128 877 3190 quarn
890 3106 1015 3172 fecisse.

298 3205 390 3270 VIII.
419 3204 565 3270 Praeerat
599 3218 673 3268 tunc
701 3205 875 3272 Britanniae
904 3207 1027 3272 Vettius
1064 3207 1200 3272 Bolanus

116 3277 156 3313 Μ
181 3373 184 3385 ,
257 3308 418 3394 placidius,
448 3329 542 3391 quarn
569 3305 664 3372 feroci
691 3309 847 3389 provincia
868 3310 1000 3394 'dignum
1025 3327 1072 3374 est
1086 3310 1106 3374 τ’
1124 3323 1201 3374 tern-
1305 3372 1313 3380 .

138 3481 139 3489 χ
257 3411 374 3490 pererit
387 3409 533 3493 Agricola
546 3409 610 3472 vim
625 3429 714 3472 suam
728 3409 928 3496 ardoremque
944 3413 1145 3494 compescuit,
1161 3433 1200 3474 ne

175 3499 178 3505 ’
257 3511 461 3586 incresceret;
483 3509 600 3592 peritus
622 3509 750 3594 obsequi
765 3511 966 3597 eruditusque
980 3513 1069 3576 utilia
1090 3511 1201 3574 hones·

149 3683 162 3704 ff
258 3613 297 3674 tis
332 3610 475 3673 miscere.
539 3608 631 3674 Brevi
666 3611 777 3676 deinde
814 3612 972 3677 Britannia
1008 3613 1200 3678 consularem
1249 3674 1252 3678 .

258 3711 405 3778 Petilium
422 3710 577 3776 Cerialem
600 3715 728 3796 accepit.
773 3714 959 3779 Habuerunt
981 3717 1108 3780 virtutes
1132 3737 1196 3799 spa·
