2772 4322
577 380 616 427 un
640 382 821 429 unanima.
1125 373 1164 434 at

230 556 304 598 naec
318 553 454 618 corpora,
470 555 549 616 quae
570 534 727 609 miramur,
744 546 934 597 excrescunt.
979 535 1045 598 Sua
1059 558 1164 620 quem·

228 658 286 720 que
312 648 410 700 mater
437 635 583 698 uberibus
610 634 673 710 alit,
695 655 753 698 nec
782 633 913 716 {ancillis¹
930 657 967 698 ac
996 638 1165 702 nutricibus
1253 663 1258 670 ·

227 737 414 822 delegantur.
458 734 628 798 Dominum
650 756 687 798 ac
709 757 832 799 serrum
860 736 952 801 nullis
975 737 1164 802 educationis

226 838 344 902 deliciis
371 837 559 921 dignoscas:
597 837 676 900 inter
708 837 817 900 eadem
844 858 965 918 pecora,
996 840 1028 901 in
1056 839 1164 904 eadem

225 941 320 1005 humo
341 940 478 1024 degunt,;
507 939 605 1002 donec
627 951 711 1002 aetas
737 951 858 1027 separet
885 941 1044 1023 ingenuos,
1068 943 1164 1006 virtus

224 1039 381 1127 agnoscat.
425 1041 503 1130 Sera
528 1040 676 1125 juvenum
699 1039 828 1117 Venus;
857 1061 957 1124 eoque
985 1041 1164 1106 inexhausta

224 1145 388 1225 pubertas:
418 1163 476 1206 nec
508 1143 642 1226 virgines
663 1141 864 1220 festinantur;
894 1141 1001 1206 eadem
1027 1142 1163 1227 juventa,

225 1245 332 1309 similis
360 1246 548 1328 proceritas:
577 1265 666 1329 pares
695 1243 874 1327 validaeque
908 1244 1098 1321 miscentur;
1127 1265 1163 1308 ao

224 1347 331 1409 robora
351 1360 511 1428 parentum
529 1346 617 1409 liberi
638 1345 782 1409 referunt.
827 1345 973 1408 Sororum
988 1345 1059 1408 filiis
1081 1346 1162 1410 idem

224 1447 306 1530 apud
331 1448 528 1523 avunculum,
561 1447 617 1531 qui
649 1445 690 1511 ad
723 1456 847 1531 patrem
878 1446 983 1510 honor.
1014 1447 1163 1521 ¹Quidam

225 1549 408 1613 sanctiorem
429 1550 651 1630 arctioremqne
673 1546 755 1610 hunc
775 1568 890 1610 nexum
912 1548 1070 1630 sanguinis
1085 1549 1163 1611 arbi·

225 1661 349 1726 trantur,
380 1661 410 1712 et
431 1649 464 1712 in
492 1647 677 1730 accipiendis
706 1648 865 1711 obsidibus
893 1647 1162 1731 magisexigunt3

224 1762 369 1833 tanquam
405 1762 437 1812 et
464 1751 495 1812 in
527 1749 665 1812 animum
692 1748 820 1825 firmius,
851 1760 882 1811 et
908 1747 1036 1811 domum
1071 1747 1175 1811 latius·

224 1863 355 1914 teneant.
399 1850 542 1916 Heredes
564 1861 668 1914 tamen
696 1870 955 1933 successoresque
978 1850 1027 1912 sui
1049 1851 1162 1933 cuique

223 1953 327 2017 liberi:
359 1966 390 2017 et
417 1953 536 2016 nullum
557 1964 786 2016 testamentum.
831 1951 866 2014 Si
888 1951 976 2015 liberi
997 1973 1059 2015 non
1080 1965 1161 2029 sunt,

222 2056 377 2135 proximus
420 2053 533 2138 gradus
575 2055 607 2116 in
651 2053 848 2138 possessione
890 2051 1008 2130 fratres,
1050 2055 1160 2135 patrui,

223 2157 376 2221 avunculi.
421 2155 546 2230 Quanto
581 2154 651 2235 plus
686 2155 936 2236 propinquorum,
970 2175 1032 2236 quo
1067 2155 1161 2237 major

223 2257 359 2322 affinium
382 2277 540 2332 numerus,
563 2267 646 2317 tanto
669 2255 829 2338 gratiosior
850 2266 1003 2330 senectus,
1019 2275 1077 2316 nec
1100 2255 1161 2318 ulla

223 2357 358 2421 orbitatis
379 2357 487 2438 pretia.

265 2457 357 2522 XXI.
388 2457 554 2539 Suscipere
582 2468 645 2521 tarn
673 2456 859 2534 inimicitias,
886 2477 943 2520 seu
970 2458 1074 2539 patris,
1105 2479 1160 2520 seu

221 2561 392 2643 propinqui,
408 2580 501 2642 quam
523 2557 682 2635 amicitias,
698 2579 828 2622 necesse
844 2570 913 2621 est:
936 2579 995 2621 nec
1016 2557 1161 2640 implaca-

223 2661 299 2725 biles
320 2662 440 2725 durant.
486 2658 598 2724 Luitur
626 2662 708 2723 enirn
737 2662 829 2723 etiam
855 2660 1056 2724 homicidium
1078 2673 1161 2723 certo

221 2774 426 2825 armentorum
455 2783 667 2843 ac'pecorum
703 2783 840 2837 numero,
870 2762 1039 2843 recipitque
1073 2761 1160 2822 satis·

221 2861 384 2924 factionem
420 2863 564 2935 universa
592 2860 724 2926 domus:
761 2862 876 2925 utiliter
912 2861 961 2924 in,
978 2859 1160 2941 publicum;

222 2963 294 3046 quia
314 2962 548 3044 periculosiores
571 2975 642 3027 sunt
669 2964 846 3027 inimicitiae
870 2953 1159 3047 justalibertatem.

224 3061 425 3128 Convictibus
447 3076 479 3127 et
499 3063 640 3148 hospitiis
662 3087 722 3128 non
737 3065 797 3127 alia
810 3086 886 3148 gens
910 3063 1039 3127 effusius
1062 3062 1161 3126 indul·

221 3177 281 3250 get.
336 3163 565 3248 Quemcunque
600 3166 775 3242 mortalium
811 3187 914 3229 arcere
950 3177 1040 3242 tect0,
1074 3163 1160 3228 nefas

221 3265 367 3330 habetur:
390 3288 445 3347 pro
460 3266 581 3330 fortuna
595 3267 726 3349 quisque
748 3267 900 3348 apparatis
915 3267 1015 3352 epulis
1038 3267 1160 3346 excipit.

223 3367 306 3430 Cum
332 3367 484 3445 defecere,
507 3369 560 3451 qui
588 3367 681 3431 modo
708 3367 822 3450 hospes
850 3368 959 3445 fuerat,
981 3379 1161 3431 monstrator

221 3466 345 3550 ho'spitii
372 3481 404 3532 et
431 3490 561 3532 comes:
597 3471 767 3551 proximam
795 3469 922 3533 domum
950 3491 1011 3532 non
1045 3458 1161 3531 invitati

221 3567 352 3631 adeunt:
385 3591 443 3633 nec
471 3572 619 3649 interest3
650 3573 716 3654 pari
743 3572 930 3636 humanitate
959 3570 1160 3652 accipiuntur.

221 3667 340 3734 Notum
362 3671 572 3755 ignotumque,
595 3685 744 3756 quantum
765 3673 804 3737 ad
829 3673 881 3757 jus
906 3672 1045 3752 hospitis,
1068 3689 1160 3731 nemo

223 3771 374 3836 discernit.
410 3757 577 3849 'Abeunti
608 3774 633 3838 si
663 3775 739 3858 quid
772 3774 955 3857 poposcerit,
993 3769 1160 3834 concedere
