2772 4322
235 368 275 426 34
544 384 573 424 c.
599 348 694 425 cotan.
717 381 852 424 suerrus

235 553 301 607 seu,
328 530 473 614 quicquid
498 531 612 613 ubique
638 528 836 613 magnificum
862 542 918 606 est,
945 530 977 591 itt
1002 529 1168 595 claritatem

236 632 301 715 ejus
315 629 427 693 referre
448 631 671 701 consensimus.
715 629 785 693 Nec
799 629 897 693 defuit
911 629 1053 693 audentia
1066 629 1170 693 Druso

236 732 439 794 Germanico:
464 730 519 793 sed
541 730 816 812 obstititOceanus
831 732 862 794 in
877 753 910 793 sc
927 730 1018 794 sImuI
1034 744 1125 814 atque
1139 732 1170 794 in

138 869 140 872 ·
235 833 406 896 Herculem
427 833 548 916 inquiri.
594 830 670 894 Mox
691 853 781 895 nemo
802 834 950 908 tentavit3
974 834 1171 916 sanctiusque

235 913 271 997 ab
297 935 484 997 reverentius
506 934 617 1008 visum,
633 931 671 995 de
687 933 763 995 actis
778 933 904 997 deorum
927 932 1061 1010 credere,
1077 955 1170 1017 quam

236 1036 324 1098 scire.
718 1035 734 1148 i
758 1114 765 1141 s
782 1035 1033 1146 ssrb'mwm

276 1131 406 1196 XXXV.
430 1136 590 1199 Hactenus
605 1137 637 1199 in
682 1136 854 1225 corderitem
871 1135 1069 1201 Germaniam
1088 1139 1171 1201 novi-

235 1259 316 1300 mus.
353 1237 389 1299 In
405 1236 649 1318 Septentrionem
664 1224 873 1321 ingentiflexu
887 1237 974 1300 redtt.
1012 1239 1060 1300 Ac
1074 1239 1172 1319 primo

237 1339 337 1400 statim
362 1336 559 1400 Chaucorum
580 1358 667 1420 gens,
684 1359 859 1421 quanquam
881 1337 1004 1419 incipiat
1025 1359 1044 1400 a
1065 1335 1172 1402 Frisiis

142 1471 144 1474 ·
236 1459 273 1501 ac
301 1451 418 1522 partem
446 1438 553 1501 littoris
584 1450 726 1520 occupet
746 1440 901 1515 omnium,
931 1461 1007 1522 quas
1034 1441 1172 1523 exposui,

236 1541 374 1623 gentium
401 1539 544 1602 lateribus
568 1539 749 1616 obtenditur,
765 1540 863 1604 donec
886 1541 918 1603 in
934 1543 1057 1604 Chattos
1073 1562 1173 1625 usque

238 1642 383 1704 sinuetur.
438 1640 519 1703 Tam
555 1642 742 1704 immensum
769 1655 917 1705 terrarum
953 1643 1086 1724 spatium
1113 1665 1173 1705 non

239 1754 340 1805 tenent
354 1754 472 1805 tantum
496 1742 626 1818 Chauci,
643 1742 698 1804 sed
720 1755 751 1804 et
772 1743 919 1825 implent:
942 1744 1074 1826 populus
1097 1745 1173 1806 inter

239 1842 409 1904 Germanos
435 1842 653 1918 nobilissimus,
681 1843 794 1925 quique
818 1843 1060 1926 magnitudinem
1084 1865 1172 1907 suain

240 1943 324 2006 malit
344 1942 462 2027 justitia
486 1943 584 2006 tueri:
609 1943 674 2006 sine
697 1943 873 2027 cupiditate,
897 1945 962 2006 sine
984 1945 1172 2025 impotentia,

238 2045 334 2128 quieti
348 2045 529 2128 secretique,
545 2044 629 2107 nulla
643 2057 808 2128 provocant
825 2045 915 2121 bella,
930 2045 1023 2110 nullis
1037 2047 1173 2132 raptibus

238 2158 291 2208 aut
304 2145 468 2208 latrociniis
492 2145 691 2227 populantur„
741 2141 782 2208 Id
819 2142 1021 2228 praecipuum
1054 2148 1173 2211 virtutis

207 2285 212 2334 5
239 2269 275 2310 ao
288 2247 400 2310 virium
421 2260 636 2330 argumentum
657 2258 713 2324 est,
729 2247 823 2331 quod²
836 2262 871 2312 ut
885 2250 1057 2333 superiores
1072 2261 1172 2333 agant,

239 2370 298 2411 non
312 2370 367 2430 per
388 2348 512 2433 injurias
533 2361 749 2432 assequuntur.
792 2348 941 2435 Prompta
961 2362 1065 2413 tamen
1078 2351 1174 2414 omni-

239 2451 297 2512 bus
330 2470 423 2523 arma,
453 2469 499 2524 ac,
530 2451 556 2511 si
584 2471 634 2512 res
669 2463 785 2531 poscat,
815 2453 977 2528 exercitus,
1007 2452 1173 2534 plurimum

240 2551 370 2613 virorum
386 2570 615 2633 equorumque:
639 2561 670 2612 et
684 2551 912 2633 quiescentibus
928 2552 1037 2615 eadem
1050 2552 1142 2615 farma

126 2679 130 2686 ·
224 2645 227 2667 ⁴
279 2641 424 2711 XXXVI.
474 2650 512 2713 In
560 2650 654 2714 latere
706 2650 903 2715 Chaucorum
938 2640 1174 2736 Chattorumque

242 2752 393 2816 Cherusci
414 2753 542 2816 nimiam
555 2773 591 2816 ac
613 2764 800 2815 marcentem
813 2752 866 2815 diu
887 2773 997 2833 pacem
1017 2751 1211 2828 ilIacessititx

240 2857 427 2930 nutrierunt3
451 2853 542 2931 idque
561 2852 739 2936 jucundius
761 2875 853 2937 quarn
875 2854 980 2931 tutius,
1003 2841 1081 2916 fuit:
1104 2854 1174 2938 quia

240 2967 318 3019 mter
338 2960 520 3036 impotentes
543 2966 574 3017 et
587 2954 704 3017 validos
719 2955 798 3018 falso
820 2941 982 3039 quIescas;
1005 2956 1059 3019 ubi
1082 2977 1176 3018 manu

241 3057 349 3139 agitur,
372 3054 524 3118 modestia
545 3077 582 3118 ac
603 3056 737 3140 probitas
762 3057 886 3119 nomina
908 3057 1072 3141 superioris
1095 3069 1175 3119 sunt.

244 3157 297 3232 Ita,
313 3157 366 3239 qui
382 3156 454 3218 olim
468 3156 541 3220 boni
563 3157 715 3240 aequique
733 3157 893 3234 Cherusci,
908 3179 991 3220 nunc
1013 3158 1125 3220 inertes
1140 3178 1176 3220 ac

241 3257 325 3320 stulti
350 3268 515 3320 vocantur:
537 3259 655 3322 Chattis
666 3260 831 3322 victoribus
857 3258 977 3321 fortuna
1001 3259 1033 3322 in
1058 3258 1176 3339 sapien-

242 3361 313 3423 tiam
335 3360 440 3422 cessit.
484 3358 591 3423 Tracti
611 3361 699 3422 ruina
718 3360 948 3423 Cheruscorum
962 3371 993 3423 et
1006 3359 1089 3438 Fosi,
1106 3365 1192 3423 con·'

241 3462 369 3524 termina
390 3481 476 3544 gens,
492 3460 689 3524 adversarum
709 3481 812 3524 rerum
827 3483 864 3524 ex
879 3483 978 3545 aequo
1004 3463 1089 3539 socii,
1105 3483 1176 3526 curn

242 3565 272 3625 in
288 3562 431 3625 secundis
446 3563 583 3626 minores
594 3561 735 3634 fuissent.

282 3661 439 3725 XXXVII.
492 3663 656 3728 Eundem·
680 3663 863 3729 Germaniae
906 3668 1008 3730 sinum
1049 3667 1176 3748 proximi

242 3767 369 3828 Oceano
399 3767 517 3832 Cimbri
546 3781 658 3845 tenent,
673 3790 767 3851 parva
784 3791 865 3832 nunc
880 3769 997 3845 civitas,
1014 3768 1068 3831 sed
1082 3768 1175 3850 gloria
