2772 4322
189 374 194 398 r
224 353 267 410 32
542 371 571 411 c.
595 369 691 412 coru.
714 367 849 412 merrus

225 517 377 599 siquidem
406 516 508 598 colles,
523 516 670 597 paulatim
694 531 860 591 rarescunt,
891 527 922 578 et
938 513 1068 580 Chattos
1088 537 1159 580 suos

226 618 320 680 saltus
350 616 528 701 Hercynius
562 617 756 701 prosequitur
784 616 877 679 simul
907 628 999 699 atque
1027 616 1160 698 deponit.

226 717 356 780 Duriora
377 719 460 800 genti
485 739 620 801 corpora,
648 717 743 780 stricti
768 729 862 791 artus,
878 717 982 779 minax
1004 717 1107 780 vultus
1131 731 1161 781 et

225 819 319 902 major
354 820 447 882 animi
476 820 571 902 vigor.
627 817 773 894 Multum,
802 830 837 881 ut
872 819 950 880 inter
979 816 1160 894 Germanos,

224 921 347 983 rationis
384 941 421 983 ac
459 919 620 982 solertiae:
666 939 853 1003 praeponere
893 918 1017 994 electos,
1057 919 1160 982 audire

224 1022 424 1104 praepositos,
460 1042 552 1083 nosse
589 1019 719 1095 ordines,
760 1019 928 1102 intelligere
972 1021 1159 1096 occasiones,

224 1121 344 1184 differre
368 1123 511 1205 impetuS,
526 1119 686 1201 disponere
709 1120 801 1196 diem,
816 1120 929 1183 vallare
954 1133 1086 1197 noctem,
1101 1121 1161 1183 for·

224 1235 329 1285 tunam
357 1224 435 1286 inter
461 1222 564 1298 dubia,
591 1212 736 1286 virtutem
764 1223 842 1284 inter
870 1234 953 1286 certa
979 1243 1159 1285 numerare:

224 1323 367 1406 quodque
388 1324 580 1386 rarissimum
600 1343 659 1386 nec
679 1323 739 1385 nisi
760 1323 875 1386 ratione
897 1322 1076 1404 disciplinae
1091 1345 1160 1386 con·

225 1445 358 1501 cessum,
373 1423 443 1505 plus
456 1445 601 1506 reponere
615 1425 648 1487 in
657 1423 747 1500 duce,
763 1445 857 1508 quam
871 1426 1017 1488 exercitu.
1062 1423 1161 1486 Omne

225 1525 316 1588 robur
329 1526 360 1588 in
374 1526 487 1607 pedite,
500 1547 603 1609 quem,
618 1547 711 1607 super
724 1547 817 1602 arma,
833 1524 1024 1588 ferramentis
1039 1546 1161 1608 quoque

225 1639 256 1689 et
270 1628 365 1708 copiis
387 1639 520 1690 onerant.
564 1626 651 1689 Alios
673 1626 712 1688 ad
732 1626 882 1706 proelium
892 1609 1161 1705 inevideas,Chat-

225 1743 271 1790 tos
300 1729 339 1789 ad
366 1728 494 1789 bellum.
538 1726 613 1788 Rari
647 1747 796 1788 excursus
826 1737 857 1787 et
884 1724 1006 1787 fortuita
1034 1745 1161 1808 pugna3

225 1828 414 1910 equestrium
450 1847 522 1888 sane
552 1827 662 1888 virium
698 1825 729 1888 id
764 1826 930 1906 proprium,
960 1826 1021 1887 cito
1055 1847 1162 1905 parare

225 1929 391 2002 victoriam,
421 1927 482 1989 cito
511 1926 640 1989 cedere:
669 1926 815 1989 velocitas
840 1925 928 2010 juxta
956 1925 1161 2002 formidinem,

226 2029 379 2090 cunctatio
392 2029 513 2109 propior
527 2029 714 2090 constantiae
730 2040 787 2111 est.
853 2057 860 2076 ·

267 2126 392 2192 XXX-I.
415 2125 457 2191 Et
481 2129 548 2191 aliis
577 2125 801 2191 Germanorum
831 2126 952 2210 populis
981 2142 1162 2210 usurpatum

227 2252 291 2292 rara
320 2241 350 2292 et
376 2231 494 2311 privata
528 2228 678 2314 cujusque
707 2228 849 2294 audentia
884 2229 965 2312 apud
983 2227 1113 2296 Chattos
1132 2233 1161 2294 in

226 2352 412 2394 consensum
433 2331 531 2407 vertit,
547 2343 581 2393 ut
594 2331 730 2414 primum
751 2329 945 2409 adoleverint,
961 2333 1076 2395 crinem
1095 2332 1161 2394 bar·-

227 2433 358 2514 bamque
395 2432 582 2507 submittere,
612 2453 681 2506 nec,
713 2433 772 2494 nisi
802 2432 889 2496 hoste
918 2455 1020 2510 caeso,
1050 2455 1161 2496 exuere

226 2534 361 2595 votivum
390 2531 618 2614 obligatumque
647 2533 750 2594 virtuti
780 2534 840 2594 oris
868 2532 1016 2596 habitum.
1063 2535 1162 2614 Super

226 2634 406 2717 sanguinem
436 2645 467 2695 et
502 2632 598 2713 spolia
632 2632 768 2694 revelant
795 2632 934 2708 frontem,
965 2655 1060 2716 seque
1097 2649 1161 2697 tum

226 2735 351 2798 demum
372 2735 468 2815 pretia
489 2731 635 2796 nascendi
656 2732 808 2807 retulisse,
821 2731 991 2815 dignosque
1012 2735 1111 2814 patria
1125 2756 1163 2798 ac

226 2837 401 2916 parentibus
435 2833 546 2896 ferunt.
603 2832 728 2916 Ignavis
772 2844 803 2896 et
843 2833 1022 2898 imbellibus
1061 2849 1163 2900 manet

226 2936 357 3019 squalor.
402 2934 600 2996 Fortissimus
623 2934 754 3017 quisque
769 2934 900 2997 ferreum
922 2937 1047 3017 insuper
1068 2959 1163 3000 annu-

225 3036 290 3100 lum
312 3036 563 3118 (ignominiosum
584 3033 616 3098 id
637 3035 735 3118 genti)
756 3036 840 3100 velut
867 3037 1025 3101 vinculum
1052 3051 1161 3120 gestat,

225 3138 322 3200 donec
345 3157 378 3198 se
401 3135 495 3198 caede
517 3134 625 3198 hostis.
641 3137 788 3202 absolvat.
822 3136 971 3201 Plurimis
984 3135 1161 3201 Chattorum
1187 3153 1242 3236 's

128 3273 130 3280 ,
226 3239 275 3300 hic
289 3237 389 3332 plpcet
410 3236 543 3300 habitus.
587 3236 719 3321 Jamque
735 3250 845 3301 canent
861 3240 1007 3320 insignes,
1024 3249 1054 3299 et
1068 3236 1162 3300 hosti-

224 3341 283 3402 bus
313 3339 406 3402 simul
435 3338 560 3422 suisque
592 3341 761 3402 monstrati.
806 3327 954 3402 Omnium
981 3359 1076 3419 penes
1105 3338 1162 3402 hos

161 3480 165 3493 ·
226 3442 310 3505 initia
323 3461 514 3523 pugnarum:
536 3439 613 3503 haec
627 3441 724 3521 prima
739 3461 860 3520 semper
874 3441 967 3515 acies,
980 3440 1049 3503 visu
1064 3462 1161 3517 nova;

139 3506 214 3612 ‘l‘
227 3565 298 3606 nam
318 3563 356 3604 ne
378 3543 411 3604 in
434 3562 510 3630 paee
537 3541 662 3626 quidem
676 3541 763 3604 vultu
788 3541 906 3603 mitiore
931 3555 1161 3607 mansuescunt.

174 3651 176 3656 '
229 3645 314 3708 Nulli
327 3644 437 3708 domus
453 3656 504 3707 aut
519 3665 593 3730 ager
607 3655 659 3706 aut
671 3643 773 3723 aliqua
788 3664 879 3706 eura:
902 3656 992 3724 prout
1006 3644 1045 3709 ad
1057 3666 1160 3728 quem·

226 3768 286 3831 que
301 3767 422 3823 venere,
438 3746 577 3811 aluntur:
600 3745 719 3829 prodigi
735 3745 836 3810 alieni.
852 3758 1078 3830 contemptores
1095 3767 1143 3809 sui
