2772 4322
243 383 286 440 40
563 399 592 439 c.
618 398 714 440 conr.
738 397 873 440 merrus

242 565 278 609 ac
302 544 358 608 soli
381 545 517 608 omnium
540 547 712 622 succinum,
735 546 818 630 quod
840 547 898 629 ipsi
921 546 1044 631 glesum
1065 563 1181 625 uocant⁴

242 649 320 710 inter
341 646 419 709 vada
447 658 538 732 atque
563 648 595 712 in
617 649 690 733 ipso,
712 648 812 712 littore
840 650 957 733 legunt.
1002 648 1081 727 Nec,
1105 671 1181 734 quae

241 761 349 812 natura
386 771 504 834 quaeve
529 751 606 814 ratio
634 752 748 835 gignat,
774 763 810 814 ut
837 751 983 830 barbaris,
1010 753 1182 836 quaesitum

242 862 483 932 compertumve.
537 851 602 918 Diu
629 853 704 935 quin
740 854 832 915 etiam
860 853 939 916 inter
967 866 1068 917 cetera
1104 853 1183 938 ejec-

242 964 377 1016 tamenta
404 954 498 1017 maris
535 953 666 1037 jacebat,
696 953 794 1017 donec
823 955 944 1018 luxuria
971 967 1073 1018 nostra
1101 955 1184 1018 dedit

242 1074 376 1116 nomen:
412 1055 487 1138 ipsis
517 1055 549 1117 in
576 1054 660 1117 nullo
688 1077 771 1118 usu:
801 1054 876 1118 rude
904 1055 1026 1139 legitur,
1056 1057 1184 1119 informe

242 1153 402 1234 perfertur,
431 1155 626 1240 pretiumque
654 1157 800 1219 mirantes
828 1157 992 1237 accipiunt.
1047 1156 1185 1220 Suceum

243 1267 347 1317 tamen
368 1255 511 1320 arborum
535 1278 605 1320 esse
629 1257 792 1340 intelligas,
809 1259 880 1341 quia
901 1269 1020 1320 terrena
1035 1257 1201 1342 quaedam·

244 1369 336 1441 atque
362 1357 455 1421 etiam
468 1358 605 1421 volucria
626 1358 769 1422 animalia
789 1359 972 1443 plerumque
994 1353 1185 1436 interlucent,

244 1481 323 1543 quae
339 1459 495 1542 implicata
521 1459 661 1535 humore,
675 1479 755 1536 mox,
772 1460 954 1523 durescente
969 1461 1106 1548 materia,
1123 1460 1187 1526 clu·

243 1561 366 1626 duntur.
422 1560 616 1625 Fecundiora
643 1562 737 1644 igitur
764 1583 890 1625 nemora
917 1561 1078 1646 lucosque,
1109 1563 1188 1625 sicut

245 1661 382 1728 Orientis
404 1662 610 1739 secretis,ubi
632 1661 721 1724 thura
742 1663 940 1747 balsamaque
964 1664 1120 1740 sudantur,
1145 1665 1200 1726 ita.

245 1764 424 1828 Occidentis
446 1763 555 1826 insulis
577 1764 727 1845 terrisque
749 1764 862 1838 inesse,
879 1764 1083 1842 crediderim3
1108 1785 1187 1847 quae

243 1865 337 1929 vicini
360 1864 433 1926 solis
454 1863 547 1926 radiis
570 1883 716 1944 expressa
744 1875 835 1946 atque
857 1863 1006 1947 liquentia
1031 1867 1063 1927 in
1088 1866 1188 1946 proxi·

243 1985 331 2027 mum
357 1984 441 2027 mare
466 1963 619 2039 labuntur,
643 1985 680 2026 ac
704 1965 735 2027 ri
761 1974 980 2044 tempestatum
1005 1965 1037 2028 in
1062 1964 1188 2028 adversa

243 2067 344 2129 littora
373 2064 536 2128 exundant.
588 2064 623 2128 Si
652 2077 792 2129 naturam
821 2066 939 2128 succini
967 2065 1089 2129 admoto
1118 2067 1189 2150 igne

244 2179 355 2245 tentes,
371 2167 403 2230 in
420 2167 548 2230 modum
569 2167 677 2230 taedae
699 2166 886 2244 accenditur,
903 2167 1017 2251 alitque
1032 2168 1195 2231 flammam

244 2269 392 2353 pinguem
421 2279 452 2331 et
480 2268 633 2332 olentem:
663 2289 736 2332 mox
763 2279 798 2332 ut
826 2268 858 2331 in
887 2269 990 2354 picem
1017 2270 1189 2333 resinamve

245 2370 397 2433 lentescit.
457 2367 625 2432 Suionibus
656 2368 798 2436 Sitonum
828 2383 936 2454 gentes
966 2371 1189 2434 continuantur.

247 2470 360 2533 Cetera
388 2468 515 2544 similes,
538 2491 601 2532 uno
629 2469 783 2546 differunt,
806 2471 890 2554 quod
910 2471 1026 2535 femina
1054 2472 1188 2535 domina-

245 2583 315 2634 tur:
345 2571 377 2633 in
404 2581 524 2633 tantum
551 2591 612 2632 non
640 2570 732 2632 modo
754 2592 772 2632 a
792 2571 942 2648 libertate,
966 2573 1022 2635 sed
1051 2576 1143 2636 etiam
1172 2594 1187 2634 a

246 2673 391 2736 servitute
407 2671 604 2755 degenerant.
1167 2653 1174 2665 ’

287 2770 397 2836 XLVI.
434 2772 499 2837 Hic
536 2772 669 2837 Sueviae
705 2773 785 2836 finis.
843 2772 1053 2838 Peucinorum
1088 2773 1176 2838 Vene

244 2878 416 2960 durumque
431 2887 462 2938 et
476 2874 651 2938 Fennorum
672 2876 810 2937 nationes
834 2873 998 2940 Germanis
1013 2899 1051 2940 an
1068 2878 1175 2942 Sarma

245 2980 285 3041 tis
301 2977 462 3052 ascribam,
479 2975 598 3039 dubito:
624 2997 800 3068 quanquam
814 2975 956 3055 Peucini,
972 3000 1050 3062 quos
1065 2979 1190 3063 quidam

246 3078 411 3142 Bastarnas
434 3089 551 3152 vocant,
576 3098 726 3153 sermone,
750 3077 845 3156 cultu,
870 3080 943 3143 sede
966 3102 1002 3144 ac
1016 3080 1189 3158 domiciliiS,

245 3192 280 3243 ut
303 3177 460 3255 Germani,
484 3190 588 3262 agunt.
634 3178 748 3243 Sordes
774 3183 912 3244 omnium
933 3203 969 3244 ac
992 3195 1094 3265 torpor
1121 3205 1190 3267 pro·

245 3302 374 3345 cerum:
416 3281 576 3344 connubiis
610 3282 724 3359 mixtis,
754 3281 892 3345 nonnihil
920 3283 951 3344 in
981 3281 1190 3348 Sarmatarum
1218 3327 1221 3334 ·

247 3383 385 3446 habitum
420 3381 582 3446 foedantur
654 3382 775 3446 Venedi
810 3382 944 3446 multum
980 3403 1018 3444 ex
1053 3384 1190 3448 moribus

247 3498 410 3549 traxerunt.
454 3483 538 3547 Nam
556 3484 706 3568 quidquid
727 3485 805 3547 iuter
827 3483 983 3548 Peucinos
1005 3482 1190 3570 Fennosque

247 3585 392 3648 silvarum
420 3607 457 3648 ac
485 3585 637 3648 montium
666 3584 801 3668 erigitur,
831 3584 996 3648 latrociniis
1025 3599 1190 3667 pererrant.

231 3686 290 3750 .Hi
314 3701 416 3751 tamen
438 3688 516 3750 inter
539 3684 714 3750 Germanos
736 3687 839 3770 potius
861 3685 1043 3764 referuntur,
1067 3689 1138 3770 quia
1160 3701 1190 3751 et

246 3788 352 3852 domos
393 3789 495 3874 figunt
530 3802 560 3853 et
590 3801 677 3853 scuta
714 3800 835 3873 gestant
864 3801 894 3852 et
920 3789 1037 3874 pedum
1065 3809 1124 3852 usu
1155 3811 1190 3854 ac
